2998 4826
596 409 770 463 „23-

90 569 191 623 civem
209 567 296 624 luisse
315 569 466 642 probetur,
486 569 657 623 eontrarium
677 569 781 638 potius,
801 585 864 623 eam
883 567 972 623 luisse
990 569 1181 638 peregrinam,
1205 585 1271 624 oon-

93 675 218 730 cluseris
237 682 266 730 et
286 692 321 730 ex
340 676 435 731 verbis
454 676 517 746 §23
536 680 566 730 et
584 675 659 742 inde,
679 674 757 744 quod
774 674 896 742 Pasioni,
916 674 965 743 qui
983 679 1069 728 antea
1089 690 1189 729 servus
1208 675 1272 746 suit,

93 783 148 836 vix
167 783 255 837 civem
275 783 479 839 Atheniensem
499 783 527 836 in
547 781 754 836 matrimonium
774 781 879 836 ducere
899 780 1020 850 contigit
1028 781 1058 852 ¹).
1089 781 1160 835 Turn
1180 781 1271 851 Apol·

91 887 189 942 lodori
207 893 318 956 patrem
339 889 438 942 testari
452 888 571 942 vetitum
584 886 680 957 fuisse,
699 889 741 942 ita
754 893 798 942 est
811 893 986 956 ostensurus,
1006 892 1038 941 ut
1050 889 1144 956 legem
1158 889 1270 957 afferat,

91 1009 172 1062 quae
192 1010 242 1048 eos
262 995 338 1049 solos
365 995 465 1049 testari
486 995 560 1063 sinit,
586 996 634 1064 qui
659 995 764 1050 liberos
789 994 929 1063 genuinos
948 1009 1004 1048 non
1029 992 1146 1062 habent,
1165 996 1271 1064 quique

89 1115 162 1168 non,
181 1107 213 1154 ut
231 1101 317 1155 Pasio
337 1102 437 1171 (§15)‚
457 1101 534 1156 oives
554 1101 655 1156 adsciti
675 1108 741 1156 sunt
759 1105 801 1169 (§§
822 1101 976 1170 14-1srt).
1014 1099 1146 1156 Similiter
1172 1108 1272 1156 auctor

91 1223 137 1266 or.
146 1208 308 1262 XXXXVI.
319 1208 378 1272 §24
387 1208 485 1262 nititur
499 1209 573 1277 lege,
590 1224 663 1277 quae
679 1208 769 1276 patris
781 1211 983 1262 testamentum
997 1211 1090 1260 ratum
1106 1222 1168 1261 esse
1182 1206 1271 1275 iubet,

92 1315 118 1368 si
127 1314 219 1383 liberi,
224 1315 390 1384 priusquam
400 1331 452 1384 per
463 1315 606 1370 biennium
615 1316 740 1384 puberes
747 1313 861 1383 fuerint,
869 1313 971 1367 mortui
980 1318 1070 1372 erunt.
1081 1313 1165 1368 Certe
1174 1319 1270 1368 autem

94 1427 193 1475 orator
213 1423 304 1477 verba
324 1427 431 1491 oaptat,
451 1439 513 1476 oum
533 1422 652 1476 hominis
666 1436 754 1476 sanae
768 1420 870 1475 mentis
884 1435 947 1474 esse
961 1424 1051 1488 negat
1062 1419 1100 1488 τῷ
1117 1415 1164 1486 τὴν
1175 1423 1273 1488 τέχνην

93 1523 134 1599 μὴ
148 1529 272 1588 ἐξουσίαν
290 1523 367 1582 dim
385 1529 414 1583 ἓν
431 1528 468 1596 τῷ
487 1523 559 1597 αὐτῷ
569 1523 635 1600 ἡμῖν
649 1524 815 1597 ἐργάζεσθαι,
831 1523 916 1595 τούτῳ
928 1522 975 1592 τὴν
986 1533 1101 1595 γυναῖκα
1115 1525 1213 1581 δοῦναι
1226 1521 1274 1592 τὴν

95 1634 193 1688 ἑαυτοῦ
206 1641 252 1688 καὶ
264 1635 318 1690 τῶν
329 1635 436 1691 παίδων
448 1635 527 1688 ἐᾶσαι
544 1630 674 1691 κοινωνὸν
686 1631 758 1703 αὐτῷ
770 1638 896 1704 γενέσθαι
908 1636 951 1700 (ξὲ
962 1635 996 1688 16
1006 1638 1036 1687 et
1046 1634 1100 1702 17).
1128 1633 1187 1689 Fae
1198 1635 1271 1688 enim

96 1758 134 1796 ex
142 1741 196 1796 hoe
207 1743 297 1796 111111
307 1758 432 1810 posse-
440 1742 469 1795 id
480 1742 557 1811 quod
569 1759 623 1796 non
635 1744 802 1798 crediderim
810 1743 998 1798 -Pasionem
1007 1747 1160 1797 testantem
1169 1741 1272 1796 mentis

94 1849 233 1916 impotem
245 1846 343 1918 fuisse,
362 1855 457 1903 tamen
475 1849 543 1902 nihil
561 1856 737 1919 sequeretur,
756 1850 810 1903 nisi
827 1855 1030 1904 testamentum
1043 1849 1152 1903 irritum
1167 1849 1272 1916 11113).

186 1955 277 2008 Porro
297 1954 445 2009 contendit
463 1955 670 2025 Phormionem,
690 1973 862 2024 quamquam
881 1956 1010 2010 Pasionis
1030 1972 1101 2010 uxor
1120 1960 1152 2009 ut
1171 1956 1271 2010 mulier

92 2063 181 2116 heres
210 2060 389 2130 (§§18*19)
417 2062 445 2115 11
471 2062 640 2132 Apollodori
667 2068 814 2138 potestate
842 2061 928 2118 fuerit
956 2063 982 2133 (ξ
1001 2063 1055 2131 20),
1083 2069 1178 2117 tamen
1208 2078 1272 2116 eam

94 2167 276 2236 Apollodoro
297 2169 417 2222 absente
437 2168 463 2238 (ξ
476 2168 522 2236 21)
541 2167 570 2220 in
583 2168 789 2222 matrimonium
804 2169 928 2238 diruisse,
948 2185 1011 2224 oum
1032 2183 1094 2222 eam
1114 2168 1270 2232 seeundum

94 2275 179 2342 leges
205 2273 309 2328 iudioio
334 2280 434 2342 petere
459 2275 619 2344 oportuerit
643 2276 669 2341 (ξ
695 2275 749 2344 22).
786 2275 864 2330 Haeo
890 2274 967 2329 nihili
993 2274 1172 2329 aestimanda
1196 2280 1273 2345 sunt,

98 2379 179 2448 quod
199 2386 294 2434 orator
307 2380 514 2449 Apollodorum
528 2398 584 2436 non
597 2380 667 2436 feeit
679 2381 848 2436 testimoniis
861 2382 1031 2450 probantem
1043 2387 1163 2436 matrem
1182 2379 1271 2436 luisse

99 2486 268 2556 epiolerum,
297 2487 347 2542 sed
376 2494 530 2556 negantem
556 2493 667 2541 tantum
692 2488 874 2543 adversarios
905 2489 1076 2544 eontrarium
1103 2487 1273 2558 affirmasse,

97 2594 243 2664 quodque,
263 2612 337 2664 quae
357 2596 436 2666 dixit,
456 2596 607 2650 maximam
626 2601 738 2664 partem
758 2602 840 2652 extra
859 2613 974 2652 oausam
994 2597 1164 2652 dictasunt.

188 2702 337 2757 Postremo
359 2702 508 2757 verisimile
528 2718 592 2757 esse
612 2707 702 2770 negat
714 2702 865 2758 Pasionem
885 2703 940 2757 duo
955 2704 1120 2758 testamenti
1140 2703 1273 2772 exempla

94 2807 247 2877 reliquisse
268 2811 293 2876 (ξ
307 2809 360 2877 28).
390 2809 472 2874 Quod
486 2825 548 2863 eum
562 2806 664 2863 seoisse
678 2809 835 2864 adversarii
850 2809 961 2864 omnino
981 2824 1036 2862 non
1054 2808 1270 2864 contenderunt.

95 2916 190 2970 Unum
212 2916 377 2970 testamenti
397 2917 543 2984 exemplar
561 2915 647 2970 Pasio
670 2914 800 2984 confecit,
826 2931 861 2970 ex
881 2931 937 2984 quo
961 2914 1118 2969 adversarii
1144 2915 1273 2984 antigra-
1300 2903 1302 2908 ¹

96 3021 184 3090 phum
204 3022 454 3091 exscripserunt).

97 3253 99 3258 Α
188 3188 210 3256 ¹)
231 3182 454 3244 1111111111,
472 3201 500 3252 p.
521 3185 580 3239 176.
618 3183 777 3237 Exousabis
796 3188 892 3237 tamen
912 3183 1132 3252 Apollodorum,
1157 3185 1181 3238 si
1207 3201 1271 3239 eum

96 3276 247 3346 putavisse
268 3274 368 3329 eredes
387 3272 552 3341 Archippen
575 3277 693 3326 matrem
719 3271 822 3325 marito
847 3272 908 3326 eive
934 3271 1045 3326 adscito
1072 3273 1162 3327 civem
1181 3272 1273 3327 Athe-

96 3365 227 3420 niensem
245 3360 351 3416 laetam
372 3378 444 3420 esse.
480 3359 633 3420 0111111
647 3359 789 3414 Historiae
809 3359 877 3414 iuris
897 3359 977 3414 attici
997 3359 1135 3414 debonis
1155 3361 1273 3416 damna-

96 3461 190 3508 torum
212 3456 243 3506 et
261 3449 398 3506 fiscalium
417 3451 578 3506 debitorum
598 3466 686 3519 pagg.
706 3450 821 3508 59--60,
1131 3445 1134 3452 ’

188 3543 212 3611 2)
233 3540 383 3594 Assentior
402 3540 508 3594 Meiero
534 3540 582 3608 qui
605 3539 633 3592 in
652 3538 757 3597 Histor.
777 3538 828 3593 iur.
848 3544 900 3597 att.
921 3538 956 3592 de
976 3538 1042 3597 bon.
1062 3538 1155 3597 damn.
1174 3554 1202 3605 p.
1222 3539 1273 3594 61:

100 3631 236 3698 ,-l1aec
250 3630 322 3698 lex¹‘,
342 3629 441 3699 inquit,
463 3634 540 3695 ,tota
559 3626 627 3682 fieta
646 3632 691 3681 est
704 3627 740 3682 ab
754 3627 940 3696 Apollodoro,
959 3626 1007 3696 qui
1026 3627 1103 3695 quod
1122 3626 1271 3694 legislator

99 3721 134 3776 de
154 3719 219 3775 liliis
234 3717 379 3788 adoptatis
393 3719 532 3786 (ποιητοῖς)
545 3717 677 3785 iusserat,
697 3716 802 3784 quibus
813 3717 889 3770 illam
905 3717 955 3782 (se.
969 3715 1134 3769 testamenti
1145 3713 1273 3770 laoiendi

97 3809 286 3878 potestatem)
312 3822 368 3860 non
392 3806 489 3860 datam
508 3804 595 3860 fuisse
616 3805 729 3859 aliunde
750 3810 872 3868 constat,
898 3805 1002 3859 eallide
1020 3804 1059 3858 ad
1078 3804 1154 3858 eires
1173 3819 1271 3872 novos,

99 3898 146 3966 qui
167 3901 197 3951 et
216 3896 270 3964 ipsi
289 3901 398 3962 ποιητοί
413 3899 560 3962 vocantur,
579 3895 733 3963 transtulit,
753 3894 831 3962 quod
849 3894 903 3949 hoo
923 3910 938 3949 1
957 3909 988 3948 re
1009 3909 1060 3948 sua
1080 3898 1167 3948 erat.“

187 3988 211 4056 3)
231 3987 406 4054 Repugnant
415 3983 487 4039 haec
497 3985 583 4038 etiam
594 3984 643 4052 eis,
653 3999 727 4052 quae
737 3983 766 4038 in
776 3983 837 4038 aliis
845 3981 1273 4051 orationibusApollodoreisdo

99 4076 221 4132 Pusione
231 4072 734 4144 proferuntur,velutiXXXXlXAl.
748 4069 1273 4141 1111111111.1111111114.

187 4167 211 4232 4)
232 4162 274 4218 Cf.
294 4162 329 4220 A.
350 4159 494 4221 Sohaeler.
513 4162 531 4221 l.
549 4163 568 4220 l.
586 4177 676 4230 pagg.
697 4162 797 4214 11011
817 4161 877 4229 176,
897 4161 1042 4230 Lortzing.
1061 4162 1078 4220 l.
1097 4163 1115 4220 l.
1134 4178 1163 4229 p.
1182 4161 1225 4214 85.
