2998 4826
752 206 791 266 32

196 389 319 466 strabat,
334 400 481 470 quantum
491 388 685 450 Demostheni
698 389 841 451 tribueret
850 393 879 472 1),
895 387 1029 470 denique,
1045 387 1322 451 siWilamowitzius
1332 393 1358 472 ²)

196 513 300 556 verum
321 492 483 573 perspexit,
513 492 576 572 ipse
597 513 628 553 se
649 493 782 553 iactabat
806 492 837 553 in
859 492 1067 554 Demosthenis
1097 493 1238 554 memoria
1264 514 1357 573 quam

197 595 327 657 maxime
349 595 460 658 civium
481 593 587 654 animis
608 594 795 657 inculcanda.
839 596 877 669 Is,
905 596 962 670 nisi
984 595 1084 668 fallor,
1111 595 1198 656 iussit
1218 594 1356 656 librarios

96 779 100 790 .
197 700 310 772 omnia,
343 697 572 778 qualiacumque
600 697 631 756 in
658 698 713 759 illa
740 700 872 759 oratione
903 719 995 759 manu
1024 697 1117 776 ipsius
1147 697 1357 765 Demosthenis

197 801 308 880 scripta
328 799 534 875 inveniebant,
564 800 639 861 talia
661 809 798 861 accurate
824 799 995 861 describere.
1040 800 1127 876 Quae
1153 800 1178 858 si
1205 800 1248 859 ita
1278 806 1356 873 sunt,

198 910 323 983 apparet
343 902 551 963 Demosthenis
573 903 698 963 orationi
720 901 948 981 Ctesiphonteae
968 883 1130 963 extremam
1151 921 1274 962 manum
1295 922 1357 962 non

199 1005 362 1067 accessisse.
404 1004 515 1066 Forma
535 1004 626 1083 igitur
640 1005 781 1065 orationis
802 1025 861 1065 non
883 1013 946 1065 tam
965 1004 1110 1065 recensita
1125 1004 1357 1065 aDemosthene

198 1127 289 1188 quam
310 1106 447 1186 primitus
469 1107 625 1187 exsculpta
647 1107 685 1167 ad
707 1116 838 1168 nostram
861 1117 988 1169 aetatem
1014 1107 1212 1187 permanavit,
1243 1106 1303 1181 vel,
1332 1107 1357 1167 si

198 1209 245 1272 his
267 1208 365 1272 verbis
394 1210 440 1271 uti
466 1209 548 1284 licet,
580 1209 706 1288 legimus
735 1209 789 1269 das
811 1209 953 1289 Concept,
986 1230 1025 1269 an
1053 1209 1121 1269 dem
1142 1209 1358 1271 Demosthenes

199 1312 276 1374 noch
297 1320 387 1375 etwas
409 1333 446 1372 zu
468 1311 601 1373 arbeiten
622 1312 718 1386 hatte,
750 1332 810 1373 non
832 1311 880 1372 die
908 1311 1090 1390 vollstindig
1120 1310 1359 1374 abschliessende

200 1415 319 1479 Gestalt
341 1416 392 1477 des
414 1415 531 1478 Testes.

285 1517 415 1580 Videtur
436 1519 529 1597 igitur
547 1517 604 1579 hoc
622 1526 773 1590 constare:
806 1538 855 1591 ea,
885 1537 962 1596 quae
989 1536 1068 1576 nunc
1093 1514 1203 1595 scripta
1225 1514 1360 1576 videmus

200 1621 232 1682 in
253 1620 463 1682 Demosthenis
485 1622 619 1681 oratione
642 1618 864 1699 Ctesiphontea,
887 1614 1016 1698 omnial)
1039 1638 1057 1677 a
1078 1617 1278 1678 Demosthene
1298 1637 1360 1678 non

201 1724 297 1786 solum
319 1725 436 1803 scripta,
460 1722 623 1783 sedetiam
645 1723 674 1780 in
699 1742 792 1781 unum
811 1721 921 1782 librum
943 1723 974 1781 in
996 1739 1148 1799 unumque
1163 1718 1295 1779 ordinem
1316 1739 1360 1780 re·

202 1835 289 1908 cepta
308 1847 379 1900 esse,
400 1846 496 1906 neque
517 1834 618 1886 tamen
639 1843 699 1885 uno
720 1831 851 1903 tempore
872 1824 983 1903 scripta
1003 1842 1099 1902 neque
1121 1821 1159 1881 ad
1180 1819 1269 1882 linem
1290 1822 1360 1882 scri-

201 1928 292 1991 bendi
321 1929 465 2010 perducta
501 1948 598 2007 neque
632 1926 776 1987 recensita
808 1947 870 1986 esse
902 1946 921 1986 a
946 1924 1157 1997 Demosthene,
1194 1923 1360 2004 complures

203 2040 303 2094 autem
324 2031 434 2111 gradus
454 2030 486 2089 iu
508 2030 620 2108 origine
640 2029 730 2089 huius
751 2027 891 2090 orationis
912 2027 1007 2089 factos
1029 2047 1099 2101 esse,
1122 2027 1174 2105 qui
1188 2027 1360 2087 etiamnunc

203 2133 313 2195 finibus
335 2133 407 2194 satis
428 2133 515 2194 certis
536 2140 660 2214 possunt
681 2133 758 2192 inter
779 2151 809 2192 se
830 2131 964 2192 discerni.

272 2372 296 2442 1)
313 2372 500 2426 Demochares
530 2369 633 2423 dicitur
661 2369 809 2437 perfecisse
818 2373 829 2433 ‚¹
856 2371 887 2421 ut
917 2366 1096 2422 Demostheni
1126 2370 1235 2419 mortuo
1267 2369 1360 2418 statua

205 2461 316 2530 publice
339 2462 498 2527 poneretur.
536 2456 575 2510 cf.
600 2457 671 2510 vitas
689 2457 714 2509 X
733 2473 782 2522 or,
805 2458 863 2520 847,
889 2455 1021 2523 D(Plut.‚
1044 2471 1123 2518 mou,
1145 2453 1191 2520 IV,
1217 2457 1240 2519 1,
1264 2470 1290 2520 p.
1310 2455 1360 2506 399

205 2549 294 2617 Wytt.
303 2548 347 2602 vel
364 2565 391 2616 p.
407 2547 483 2612 1032,
502 2562 541 2598 vs.
555 2543 656 2596 38-41
677 2545 720 2598 ed.
737 2543 799 2597 Did.
817 2544 861 2597 vel
878 2543 1044 2596 Rehdantzii
1061 2558 1134 2594 neun
1152 2541 1271 2609 Philipp.
1282 2540 1360 2607 Reti„

205 2633 523 2704 1¹,Ein1.§89,p.6a).
569 2633 597 2698 2)
615 2632 711 2702 Antig.
725 2649 750 2684 v.
763 2630 882 2699 Karyst,
901 2649 927 2699 p.
942 2632 991 2683 189
1005 2647 1026 2682 a.
1040 2646 1067 2697 q.
1078 2645 1099 2680 s.
1144 2628 1171 2697 3)
1190 2629 1362 2696 Excipienda
1460 2637 1462 2642 '

206 2727 284 2791 sunt,
303 2722 445 2788 nimirum,
468 2737 557 2790 pauca
575 2720 623 2773 illa
641 2721 682 2772 vel
703 2719 878 2772 librariorum
897 2718 941 2771 vel
959 2717 1073 2770 aliorum
1096 2715 1237 2768 hominum
1256 2716 1362 2769 addita·

206 2813 307 2876 manta,
328 2825 398 2878 quae
415 2809 510 2863 vocari
526 2809 616 2861 solent
634 2803 824 2876 γλωσσὴματα.
