2998 4826
604 455 780 508 ..31-

94 613 290 668 tricrarchico
303 611 472 681 iungeretur
485 612 517 688 (3,
525 612 579 679 39).
612 612 691 676 erae
704 614 793 668 verbu
808 614 924 668 multum
939 615 1063 670 valuisse
1078 613 1155 684 apud
1168 614 1277 670 indices

98 721 154 775 vix
175 719 351 778 crediderim.

196 827 229 880 In
247 827 352 881 iudicio
373 831 469 881 orator
487 826 613 896 Polyelia
632 825 780 882 refellendi
802 845 889 883 causa
909 829 1070 899 exemplum
1094 830 1177 899 probi
1196 830 1281 885 trier-

99 933 185 988 archi
203 933 353 1002 proponit:
373 933 577 989 Mnesilochum
596 934 739 1002 quendam
758 935 870 1004 collega
895 935 932 990 ad
952 952 1054 991 narrem
1072 952 1129 990 non
1148 935 1279 1004 profecto

94 1051 200 1095 tamen
221 1041 258 1095 ab
277 1040 399 1109 Hagnia,
418 1039 463 1094 cui
482 1055 631 1094 successor
651 1040 736 1095 datus
756 1046 827 1109 erat,
847 1041 1165 1111 triremem‘acecpisse,
1185 1043 1210 1096 ci
1230 1042 1280 1096 im-

95 1164 212 1218 pensas
232 1148 390 1202 restituisse
410 1153 643 1215 armamentaque
663 1148 700 1203 ab
720 1163 754 1202 eo
774 1148 945 1203 conduxisse
965 1149 1007 1218 (33
1020 1148 1054 1201 41
1075 1153 1105 1202 et
1123 1148 1177 1216 42),
1198 1148 1282 1213 erod

96 1254 266 1322 exemplum
284 1253 359 1307 haud
379 1254 478 1308 inutile
496 1254 611 1308 videtur
630 1270 702 1309 esse.

195 1359 391 1428 Paragraphis
409 1359 445 1412 43
469 1375 560 1427 usque
581 1359 618 1412 ad
637 1361 672 1413 52
698 1364 798 1414 auctor
823 1361 960 1415 orationis
983 1362 1144 1416 accuratius
1164 1361 1283 1430 exponit

98 1485 219 1536 causas,
240 1485 290 1522 cur
310 1461 507 1521 Timomachus
525 1465 679 1534 imperator
698 1465 890 1520 adversarium
911 1467 948 1520 ad
967 1484 1069 1523 navem
1087 1469 1282 1538 accipiendam

98 1591 161 1630 non
184 1573 321 1642 coegerit.
359 1572 441 1636 Quod
461 1577 558 1627 orator
577 1587 611 1626 eo
632 1572 748 1626 consilio
767 1570 869 1628 fecisse
884 1573 1007 1645 videtur,
1026 1575 1140 1644 nequis
1158 1576 1284 1632 iudicum

98 1680 305 1748 suspicaretur
327 1677 528 1746 imperatorem
552 1677 628 1732 iusta
650 1679 774 1748 Polyclis
799 1697 886 1734 causa
911 1681 1084 1751 prohibitum
1110 1700 1188 1754 esse,
1214 1701 1284 1753 quo-

101 1789 200 1842 minus
220 1785 427 1855 Apollodorum
446 1784 605 1839 adiuvaret.
644 1785 799 1840 Contendit
818 1791 915 1841 autern
934 1788 1055 1857 primum
1074 1789 1286 1845 Timomacbnm

103 1894 217 1951 actoris
237 1893 303 1948 navi
323 1894 426 1962 optimc
445 1894 586 1947 instructa
606 1907 704 1946 carere
724 1893 857 1962 noluisse,
880 1894 983 1949 deinde
1003 1895 1203 1964 imperatorem
1221 1914 1286 1966 per·
1374 1879 1376 1884 ⁸

99 2019 224 2058 suasum
244 2000 379 2055 habuisse
398 1999 545 2070 Polyclen
564 2004 594 2054 et
612 2015 714 2053 navem
733 2005 896 2068 susceptam
921 2001 1012 2056 minus
1032 2001 1185 2072 diligenter
1205 2021 1286 2060 cura-

100 2115 205 2164 turum
225 2112 255 2162 ct
273 2107 405 2162 mercede
424 2123 480 2161 non
499 2106 595 2161 soluta
612 2107 697 2161 iussis
710 2107 875 2162 restiturum
889 2123 952 2162 csse
972 2110 1015 2180 (33
1027 2109 1071 2178 43,
1090 2109 1134 2178 44,
1153 2111 1207 2180 52),
1227 2119 1287 2167 tum

102 2213 324 2270 Tinrcmaclium
339 2231 356 2268 a
369 2214 486 2284 Polycle
498 2214 649 2283 pecuniam
663 2219 821 2268 mutuatum
834 2231 908 2284 csse,
927 2231 961 2270 ea
981 2216 1096 2285 quidem
1115 2219 1286 2288 conditione,

107 2339 146 2376 ne
167 2321 206 2376 ad
225 2337 326 2376 navem
345 2320 555 2390 suscipiendam
581 2320 751 2375 creditorem
777 2327 895 2390 cogeret
921 2324 947 2393 (3
966 2322 1021 2390 44),
1045 2323 1167 2392 deniqne
1194 2325 1288 2380 Timo-

111 2428 246 2483 machum
275 2428 365 2484 actori
389 2428 493 2482 iratum
519 2425 620 2494 saduc,
647 2427 724 2496 quod
749 2427 943 2482 Callistratum
969 2429 1132 2484 exulantem
1154 2429 1287 2487 Methone

110 2534 240 2590 Thasum
258 2533 364 2589 vehere
384 2539 570 2590 recusaverat
588 2535 631 2604 (33
649 2534 776 2604 zac-51).
814 2505 921 2604 Omnia,
945 2550 1019 2605 quae
1046 2535 1081 2590 dc
1105 2536 1288 2594 Timomacho

106 2648 211 2698 orator
229 2641 347 2710 profert,
370 2641 447 2696 nullo
469 2639 616 2696 firmantur
635 2641 806 2696 testimonio.

204 2749 255 2802 His
275 2747 311 2803 dc
330 2749 580 2818 argumentatione
600 2749 737 2802 orationis
756 2750 787 2803 L.
808 2749 947 2804 absolutis
968 2749 1005 2803 ad
1025 2750 1223 2818 quaestionem

359 2957 390 3022 8.
429 2954 478 3019 De
501 2957 777 3040 argumentatione
800 2957 951 3020 orationis
974 2954 1042 3020 LII.

109 3130 166 3168 nos
186 3117 342 3173 vertamus.

207 3219 342 3276 Oratione
361 3220 421 3274 Lll.
459 3220 653 3298 Apollodorus
678 3221 819 3276 iudicibus
843 3237 1033 3290 persuasurus
1060 3229 1105 3278 est
1130 3223 1291 3293 Callippum

110 3328 219 3383 iniuria
237 3327 266 3381 in
284 3328 388 3383 iudicio
408 3329 434 3397 (3
454 3328 499 3398 14)
519 3344 582 3384 eam
601 3335 702 3399 petere
720 3328 881 3397 pecuniam,
906 3344 992 3397 quam
1011 3330 1090 3399 Lyco
1112 3330 1141 3384 in
1160 3331 1291 3385 Pasionis

110 3434 284 3506 argentaria
303 3433 517 3504 deposuerat¹).
554 3435 687 3505 inquam
706 3435 760 3491 sibi
778 3435 822 3489 ius
841 3451 905 3490 esse
926 3436 952 3505 (3
972 3436 1014 3490 10.
1039 3430 1159 3509 ἡγοῦμαι
1176 3433 1231 3509 γὰρ
1250 3437 1292 3490 dt-

109 3548 193 3602 καιος
211 3541 281 3596 εἶναι
299 3543 390 3612 ἔχειν),
410 3545 442 3595 ut
460 3540 569 3597 iudices
585 3542 744 3610 crederent,
764 3540 911 3611 Callippus
931 3539 1127 3608 contenderat,
1145 3541 1290 3611 Lyconem

111 3648 278 3716 Pasionem,
292 3647 337 3702 cui
350 3648 387 3702 ab
400 3647 447 3702 illo
461 3653 623 3703 ostentatus
637 3653 723 3717 esset,
736 3648 854 3703 iussisse
865 3664 937 3716 eam,
951 3648 973 3702 si
987 3647 1055 3716 quid
1066 3647 1119 3702 sibi
1130 3647 1292 3718 accidisset,

112 3756 156 3810 illi
176 3755 250 3810 solvi
268 3756 312 3826 (33
330 3756 375 3824 20,
392 3755 428 3809 23
447 3754 481 3810 el.
501 3756 517 3824 3
537 3755 592 3823 18).
629 3755 709 3820 Quae
728 3753 801 3810 salsa
821 3771 884 3810 esse
903 3760 936 3809 ut
955 3754 1175 3824 demonstratur,
1195 3761 1293 3812 orator

112 3839 239 3931 primum
259 3866 358 3917 narrat
376 3860 604 3931 testimoniisque
624 3867 741 3916 narrata
760 3861 842 3917 fulcit
854 3849 999 3932 Lyconem
1012 3860 1129 3916 iussisse
1141 3861 1293 3929 pecuniam

113 3969 280 4040 depositam
300 3986 317 4024 a
336 3969 459 4024 Pasione
484 3967 560 4023 tradi
579 3967 753 4037 Cephisiadi,
778 3983 862 4038 quem
881 3966 1081 4022 Archebiadcs
1106 3973 1136 4022 ct
1157 3967 1293 4021 Phrasias

209 4112 231 4182 ¹)
249 4111 349 4167 Adeas
374 4111 458 4166 velim
484 4111 521 4170 A.
540 4109 685 4165 Schaeler.
713 4110 730 4164 l.
751 4109 771 4169 l.
794 4125 884 4178 pagg.
905 4109 957 4164 134
981 4125 1091 4178 proxx,
1121 4109 1215 4164 Lortz.
1238 4108 1256 4164 l.
1275 4110 1291 4163 l.

114 4219 147 4271 p.
166 4201 211 4271 43,
236 4200 350 4256 Darest.
369 4199 386 4255 1
406 4200 424 4254 l.
443 4199 482 4259 ll.
505 4215 595 4270 pagg.
616 4199 669 4254 170
692 4215 803 4268 proxx„
826 4198 920 4258 Blass.
938 4199 955 4253 l.
975 4199 994 4258 l.
1011 4214 1102 4268 pagg.
1122 4198 1176 4252 455
1194 4213 1295 4267 prcus.
