2998 4826
723 385 898 439 „18-

376 553 405 615 3.
440 548 489 614 De
513 550 788 632 argumentatione
813 548 964 611 orationis
987 546 1205 611 XXXXVIII
1224 549 1243 614 >-

316 710 450 766 Oratione
468 707 656 763 XXXXVIII.
675 705 887 772 Callistratus2)
906 703 1051 760 dimidium
1071 721 1167 760 eorum
1186 706 1340 761 honorum
1368 708 1428 762 Co·

226 818 317 887 nonis,
342 833 415 886 quae
435 810 542 888 φανερά
562 815 684 882 erant⁸),
710 811 728 866 i.
749 827 773 870 e.
793 810 937 865 dimidium
963 817 994 865 et
1019 811 1166 868 domorum
1192 829 1426 884 servorumque

225 927 252 995 (ᾗ
267 926 312 994 12)
332 929 361 979 et
374 923 560 994 septuaginta
574 920 781 988 drachmarum,
801 933 873 987 quas
884 916 1029 972 Moschion
1043 935 1144 973 servus
1159 919 1269 974 Cononi
1287 918 1427 974 furatus

227 1047 291 1087 csse
319 1030 466 1085 convietus
492 1033 554 1084 erat
580 1027 678 1098 (518),
709 1025 763 1080 sibi
781 1029 934 1093 paraturus
954 1027 1039 1090 cst4).
1082 1026 1192 1094 Litigat
1216 1031 1317 1081 autem
1352 1044 1427 1082 eum

226 1137 441 1208 Olympiodoro,
460 1136 508 1205 qui
521 1141 611 1189 totam
631 1132 820 1188 hereditatem
835 1131 957 1187 Cononis
970 1134 998 1188 in
1012 1134 1116 1189 iudicio
1130 1135 1183 1189 sibi
1197 1136 1426 1205 acquisiverat.
1485 1131 1487 1162 ⁸

227 1242 285 1298 Sed
296 1249 391 1311 antea,
405 1258 489 1311 quam
503 1256 684 1310 quaeramus,
704 1254 759 1307 quo
773 1238 833 1292 iure
847 1244 973 1294 actorem
987 1239 1132 1294 dimidium
1145 1241 1285 1296 bonorum
1299 1250 1426 1312 petere
1485 1267 1487 1300 ι

226 1354 323 1404 orator
343 1348 485 1416 ostendat,
506 1361 669 1401 enarremus
688 1360 807 1400 neeesse
827 1349 879 1413 est,
906 1361 990 1413 quem
1009 1345 1047 1400 ad
1066 1346 1180 1401 modum
1200 1362 1235 1402 ea
1255 1347 1425 1418 Olympio·

226 1455 314 1510 dorus
343 1455 466 1524 adeptus
494 1454 539 1509 sit.
578 1452 693 1507 Conone
719 1456 831 1506 mortuo
858 1451 1038 1506 Callistratus
1062 1457 1091 1506 et
1116 1453 1346 1523 Olympiodorus
1381 1473 1424 1510 ex

226 1562 371 1632 pactione,
396 1577 481 1630 quam
500 1561 623 1615 inierant
642 1559 686 1629 (ἓξ
705 1560 721 1613 'l
739 1562 861 1629 prona),
886 1557 960 1612 illius
980 1557 1089 1627 domus,
1115 1575 1222 1628 servos,
1247 1570 1422 1617 sexcentas

225 1668 387 1736 drachmas,
413 1683 485 1736 quas
504 1666 693 1721 Moschionem
720 1682 833 1721 servum
854 1665 961 1720 Cononi
984 1665 1050 1720 vivo
1070 1666 1142 1720 elam
1162 1667 1301 1736 eripuisse
1323 1686 1420 1724 coar-

228 1779 361 1843 guerant,
386 1774 460 1828 inter
485 1789 516 1827 se
536 1771 694 1826 diviserant
713 1772 755 1842 (ᾗ)
775 1773 817 1842 12,
838 1773 961 1839 16-17).
998 1772 1084 1828 Brevi
1104 1779 1199 1828 autem
1218 1780 1286 1843 post
1306 1775 1419 1846 Olym-

226 1880 365 1950 piodorus
392 1884 508 1948 pactum
536 1877 667 1948 violavit3
696 1853 771 1931 namN
792 1883 821 1933 et
847 1878 1011 1933 Callistrato
1034 1879 1123 1933 inscio
1148 1879 1305 1937 Moschioni
1332 1884 1415 1938 alias

226 1987 414 2056 septuaginta
434 1987 524 2041 minas
544 1985 665 2040 extorsit
683 1985 710 2055 (ξ
729 1985 774 2054 18)
794 1991 824 2040 et
842 1985 881 2038 illi
904 1985 1050 2039 dimidium
1074 1985 1157 2040 huius
1179 1989 1320 2055 pecuniae
1347 1996 1415 2044 tra-

226 2093 295 2150 dere
314 2093 459 2148 recusavit
477 2093 520 2164 (ἓξ
540 2093 573 2146 19
593 2097 622 2147 et
640 2093 694 2162 20).
732 2092 839 2147 Eodem
860 2097 987 2161 tempore
1004 2092 1185 2148 Callistratus
1205 2099 1234 2149 ct
1255 2095 1414 2166 Olympio-

227 2201 316 2256 dorus
336 2200 372 2256 de
392 2201 516 2255 Cononis
535 2199 696 2254 hereditate
715 2200 744 2253 in
762 2199 896 2254 iudicium
915 2200 1010 2254 vocati
1035 2206 1102 2254 sunt
1126 2201 1169 2271 (ἐξ
1188 2201 1224 2254 ab
1244 2207 1274 2256 et
1293 2204 1354 2275 21),
1384 2207 1415 2260 in
1486 2231 1487 2242 ¹

228 2325 287 2378 quo
306 2325 342 2364 ne
361 2308 552 2375 vincerentur,
577 2311 746 2375 statuerunt,
767 2313 799 2360 ut
818 2308 890 2362 alter
908 2314 997 2363 totam
1011 2308 1211 2379 hereditatem,
1231 2311 1305 2366 alter
1325 2312 1413 2367 dimi·
1486 2271 1487 2365 l

229 2416 308 2470 dium
328 2416 389 2470 eius
407 2419 522 2484 peteret
541 2415 567 2484 (ξ
580 2415 633 2480 22).
660 2414 768 2468 Tamen
788 2414 961 2470 adversariis
976 2415 1097 2470 Cononis
1109 2416 1186 2470 bona
1205 2418 1412 2487 (septuaginta

227 2522 284 2576 illis
304 2521 385 2575 minis
404 2521 533 2589 exceptis
553 2520 580 2591 (ξ
600 2520 656 2588 34))
676 2521 842 2575 adiudicata
861 2526 927 2575 sunt
947 2522 1034 2592 (§§26
1059 2527 1179 2591 prora).
1218 2523 1298 2588 Quae
1311 2530 1345 2578 ut
1367 2525 1412 2579 eis

229 2644 329 2683 rursus
349 2628 536 2698 eriperentur,
556 2626 671 2682 tertium
691 2628 770 2695 pacti
789 2632 864 2697 suut,
882 2632 915 2681 nt
933 2628 961 2682 in
981 2644 1031 2682 eos
1045 2628 1265 2698 Olympiodorus
1285 2630 1323 2685 de
1343 2636 1411 2685 tota

230 2735 400 2805 hereditate,
420 2736 602 2791 Callistratus
622 2739 717 2790 autem
737 2734 773 2788 de
788 2733 903 2788 dimidio
917 2734 1041 2789 Cononis
1057 2735 1196 2790 bonorum
1214 2736 1293 2790 litem
1313 2737 1411 2793 interr·

229 2843 314 2897 deret
327 2848 357 2896 et
374 2843 408 2912 is,
427 2843 474 2912 qui
487 2843 565 2897 litem
580 2841 758 2909 obtinuisset,
779 2842 862 2896 alteri
875 2840 1019 2896 dimidium
1034 2841 1205 2898 concederet
1224 2843 1267 2914 (ᾗ)
1277 2844 1409 2914 29-30).
1483 2873 1484 2882 2

231 2948 345 3003 Insidiis
364 2949 408 3002 usi
427 2949 592 3017 effecerunt,
618 2954 651 3003 ut
674 2948 783 3003 iudices
803 2949 1005 3018 Olympiodoro
1031 2954 1121 3004 totam
1144 2948 1336 3004 hereditatem
1357 2950 1409 3005 ad·
1483 2935 1484 2976 l

230 3055 392 3110 iudicarent
411 3055 454 3126 (ἓξ
467 3056 500 3110 31
520 3059 641 3124 picum).
679 3055 732 3120 Qui
752 3070 815 3110 eum
835 3056 928 3110 onmia
946 3057 1022 3111 bona
1042 3057 1187 3126 retineret,
1207 3056 1409 3112 aCallistrato

230 3185 446 3194 -—-—-

324 3252 345 3320 1)
363 3251 476 3319 Ubique
488 3250 643 3306 orationem
653 3250 844 3310 XXXXVlli.
854 3251 986 3306 tractabo
996 3256 1063 3320 post
1069 3251 1187 3307 XXXV.
1196 3252 1408 3322 etXXXXllI,

231 3358 290 3412 quc
318 3339 444 3408 facilius,
476 3345 584 3408 quauta
612 3339 765 3394 similitudo
792 3339 954 3395 intercedat
980 3340 1054 3396 iuter
1082 3340 1135 3394 has
1162 3345 1222 3396 tres
1251 3342 1409 3413 orationes,
1482 3347 1483 3368 ³

231 3430 369 3500 cognosci
387 3428 487 3498 possit.

322 3521 346 3588 2)
364 3517 394 3573 id
413 3518 518 3573 actoris
538 3533 640 3574 nomen
659 3517 746 3572 fuisse
765 3518 904 3573 libanius
922 3519 1074 3574 memoriae
1094 3520 1221 3580 tradidit.

324 3611 347 3678 3)
366 3609 403 3668 Α.
416 3607 540 3676 Philippi
559 3607 587 3661 in
607 3607 683 3676 diss,
709 3624 756 3676 qu.
776 3607 793 3666 i.
813 3607 968 3678 Symbolae
992 3607 1029 3662 ad
1049 3607 1207 3662 doctrinam
1232 3608 1300 3662 iuris
1325 3610 1408 3665 attici

230 3698 270 3752 de
289 3696 461 3768 syngraphis
488 3701 516 3751 et
542 3696 579 3751 de
598 3693 691 3756 οὐσίας
709 3696 833 3764 notione,
858 3695 935 3765 Lips.
955 3698 1034 3766 1871,
1059 3714 1087 3767 p.
1107 3697 1141 3751 14
1159 3696 1244 3752 haec:
1269 3699 1408 3768 „Proprie

234 3802 321 3842 sensu
340 3781 447 3860 φανερά
466 3785 608 3855 dicuntur,
627 3801 701 3855 qnae
721 3785 784 3855 quis
803 3785 844 3840 ita
862 3785 1019 3856 possideat,
1039 3792 1070 3841 ut
1083 3802 1114 3841 se
1126 3785 1275 3856 possidere
1295 3803 1404 3858 negare

230 3880 383 3945 nequeat.“

322 3966 346 4034 ⁴)
366 3965 488 4019 Causam
508 3979 548 4024 or.
561 3963 751 4031 xxxxviii.
765 3969 964 4021 tractaverunt
982 3965 1026 4020 hi:
1044 3966 1144 4021 Liban.
1162 3965 1191 4020 iu
1204 3981 1266 4034 arg.
1286 3964 1342 4020 hui.
1357 3982 1405 4034 cr,

233 4055 270 4110 A.
285 4053 429 4113 Schaeier.
448 4055 466 4114 l.
481 4054 499 4107 l.
518 4055 671 4123 pagg.936
689 4070 800 4124 proxx,
818 4055 932 4110 Darest.
951 4055 996 4110 11
1007 4054 1042 4108 ll.
1061 4056 1306 4128 pagg51proxx,
1326 4055 1405 4110 Blas-

232 4145 293 4199 sius
311 4145 329 4199 l.
343 4144 360 4199 l.
380 4159 470 4213 pagg.
486 4142 540 4197 497
558 4159 659 4212 proxx.

400 4530 744 4735 ΤἿ
