2998 4826
762 231 798 289 11

202 413 341 493 exempla
357 413 468 493 collegi,
492 435 569 492 quae
582 414 620 474 ab
637 414 703 474 aliis
725 415 798 474 mihi
819 415 922 477 relicta
943 436 1007 477 esse
1022 415 1209 490 videbantur,
1230 423 1261 476 et
1282 435 1360 476 com·

201 519 291 599 plura
319 537 419 577 eorum
445 535 554 595 genera
579 516 727 578 constitui
781 517 856 592 Sed,
886 539 924 579 ne
946 517 1042 578 multa
1070 518 1180 592 diuam,
1209 517 1266 578 hoc
1295 516 1360 578 Ioco

202 621 239 681 de
260 620 301 680 eis
333 617 476 697 exemplis
502 617 573 678 solis
598 639 697 697 agam,
727 641 804 700 quae
833 620 966 700 proxime
992 620 1132 682 videntur
1157 619 1294 682 accedere
1321 618 1360 680 ad

205 728 243 786 18
267 730 301 799 55
327 726 342 782 1
367 731 397 782 et
418 725 444 782 8.
498 722 577 782 Sunt
609 730 709 783 autem
740 723 822 784 haec.
886 724 907 803 Ι)
931 726 971 784 18
995 725 1094 798 5138
1126 717 1226 806 μυρία
1255 715 1361 784 τοίνυν

203 816 280 909 ἕτερ’
310 817 417 886 εἰπεῖν
443 815 522 902 ἐγιον
549 820 626 906 περὶ
658 815 756 886 αι’τοῦ
783 817 992 906 παραλείπειν.
1049 828 1088 886 18
1118 833 1134 902 5
1158 829 1219 888 264
1250 817 1361 889 πολλὰ

203 922 307 990 τοίνιν
330 917 405 1009 ἕτερ’
431 919 537 989 εἰπεῖν
558 919 639 1005 ἔχων
661 922 735 1010 περὶ
762 917 858 988 αὐτοῦ
887 919 1099 1008 παραλείψω.
1144 929 1172 1007 2)
1197 930 1236 990 18
1259 935 1275 1004 5
1299 929 1358 988 291

203 1019 285 1094 ίίλλα
307 1022 560 1113 κατηγορηκότος
589 1020 687 1091 αὐτοῦ
715 1024 770 1090 καί
798 1024 1060 1108 κατεψευσμένον.
1105 1033 1144 1091 18
1168 1037 1184 1106 5
1208 1032 1269 1091 294
1290 1048 1362 1108 σχε-

202 1122 342 1214 τλιώτερ’
356 1119 438 1192 ίίλλα
450 1123 703 1216 κατηγορηκότος
713 1122 874 1193 αὐτοῦκαὶ
886 1126 1152 1212 κατεψευσμένου.
1187 1132 1217 1212 3)
1230 1136 1268 1194 19
1286 1139 1302 1208 5
1321 1133 1359 1192 21

204 1229 259 1297 διὰ
274 1235 374 1296 ταῦτα
387 1225 526 1317 χρήμαθ)
547 1226 648 1318 {amp
662 1227 735 1309 τοὺς
749 1226 914 1318 Θηβαίους
928 1227 1200 1318 ἕνεικεκηρυχέναι.
1230 1237 1269 1296 19
1287 1241 1303 1310 5
1321 1237 1360 1296 74

204 1336 309 1398 eadem
331 1335 431 1395 verba.
485 1335 514 1415 4)
548 1338 587 1396 23
612 1342 627 1411 5
651 1341 690 1398 95
715 1326 758 1411 ὡς
786 1326 850 1416 ίίρα
879 1330 986 1398 πολλὰ
1016 1326 1137 1399 τοιαῦτ’
1165 1324 1226 1421 ἤδη
1257 1332 1365 1419 γέγονε

208 1431 406 1521 ψηφίσματα
436 1434 582 1512 πολλοῖς.
635 1441 674 1498 23
698 1444 713 1513 5
738 1441 776 1499 99
810 1425 853 1512 ὡς
877 1430 984 1520 γέγονε
1013 1434 1069 1500 καὶ
1098 1427 1253 1522 πρότερον
1280 1457 1365 1502 τισιν

209 1530 323 1614 ὂίλλοις
350 1539 485 1600 τοιαῦτα
509 1532 714 1623 ψηφίσματα.
765 1541 793 1618 5)
822 1543 861 1601 24
889 1547 905 1616 5
929 1544 969 1602 32
998 1543 1098 1604 πᾶσιν
1124 1533 1265 1604 ἐναντίον
1297 1533 1365 1604 εἰσ·

208 1635 333 1727 ενήνοχε
363 1641 433 1714 τοῖς
463 1625 534 1704 οὖσι
563 1633 683 1721 νόμοις.
727 1645 767 1703 24
801 1645 880 1718 538
913 1633 1010 1723 νόμον
1036 1634 1214 1728 εἰσήνεγκα
1240 1631 1367 1705 ἅπασιν

208 1739 350 1808 ἐναντίον
371 1734 415 1818 ὡς
437 1737 519 1818 ἔπος
541 1737 651 1806 εἰπεῖν
671 1744 738 1820 τοῖς
759 1731 859 1806 οὖσιν.
905 1747 945 1806 24
973 1752 989 1821 5
1009 1750 1049 1807 39
1080 1739 1221 1808 inanior
1247 1739 1366 1830 εἰσενη-

206 1841 303 1926 νοχώς
323 1847 393 1920 τοῖς
415 1833 486 1909 οἷσι
518 1836 637 1926 νόμοις.
694 1850 734 1907 24
762 1851 840 1922 541
876 1839 951 1922 ὅλος
970 1842 1030 1928 μὲν
1052 1840 1111 1931 γοίρ
1134 1840 1221 1910 ἔστιν
1242 1841 1368 1911 ίίττασιν

206 1943 346 2026 ἐναντίος
367 1949 435 2024 τοῖς
457 1933 537 2011 οὖσι.
597 1953 626 2029 6)
662 1953 700 2010 27
726 1953 784 2024 53
819 1946 934 2028 δέομαι
956 1943 985 2012 δ’
1005 1943 1112 2030 ὑμῶν,
1140 1937 1295 2034 ὦίίνόρες
1317 1949 1366 2013 δι-

204 2046 340 2128 κασταί,
464 2045 634 2138 βοηθῆσαί
654 2073 712 2132 μοι
733 2046 774 2113 τὰ
807 2044 928 2114 δίκαια.
984 2056 1022 2114 27
1052 2057 1131 2128 568
1164 2048 1280 2134 δέομαι
1313 2041 1368 2116 σίν

206 2145 302 2235 ὑμῶν,
326 2140 352 2214 ὦ
377 2143 488 2236 ἄνδρες
508 2147 668 2229 δικασταί,
693 2199 748 2219 ...
771 2154 936 2239 βοηθῆσαι
954 2145 1032 2238 ἡμῖν
1049 2151 1089 2218 τὰ
1108 2150 1229 2220 δίκαια.
1275 2155 1303 2237 7)
1326 2160 1365 2218 27

208 2265 223 2334 5
251 2261 291 2318 24
313 2249 360 2331 εἰς
380 2247 466 2319 τοῦτ’
488 2246 655 2331 ἀναιδείας
675 2251 838 2341 ἐλήλυθεν.
883 2260 922 2318 27
947 2261 1017 2332 531
1042 2252 1088 2333 εἷς
1103 2248 1187 2321 τοῦτ’
1205 2249 1368 2334 ἀναιδείας

209 2349 410 2444 ἐληλύθασιν.
449 2359 556 2438 Neque
577 2367 677 2419 tamen
698 2359 730 2418 hi
754 2364 770 2421 7
793 2358 852 2420 1οοί
873 2368 944 2420 sunt
957 2381 1059 2421 omnes
1074 2361 1114 2422 ad
1134 2361 1276 2423 iudicium
1291 2369 1369 2424 recte

208 2462 377 2524 faciendum
400 2461 484 2523 nobis
513 2460 686 2536 adhibendi,
719 2462 771 2523 sed
800 2483 918 2524 necesse
947 2472 1004 2537 est,
1038 2463 1184 2525 faciamus
1213 2465 1290 2526 inter
1319 2484 1368 2526 eos

206 2565 371 2627 discrimen.
420 2566 560 2644 Namque
589 2565 621 2626 in
649 2565 781 2627 oratIone
809 2565 937 2644 pedestri
948 2567 969 2644 ¹)
1002 2566 1130 2628 multum
1158 2566 1260 2642 refert,
1295 2587 1368 2628 num

162 2703 176 2714 -
205 2668 326 2731 eaedem
349 2668 512 2729 sententiae
534 2668 596 2728 fere
617 2668 727 2729 eisdem
748 2668 847 2730 verbis
868 2668 1002 2730 inclusae
1030 2679 1092 2732 tam
1120 2679 1184 2732 arto
1211 2669 1369 2733 intervallo

207 2813 309 2878 Leipz,
328 2811 510 2876 Engelmann,
530 2806 646 2860 Kranzr.
667 2807 743 2870 1857,
762 2821 786 2872 p.
800 2805 866 2858 XIII
879 2823 901 2859 e.
915 2824 942 2875 q,
956 2825 977 2860 s.
1008 2807 1040 2860 A.
1054 2807 1193 2876 Sehseier,
1212 2809 1261 2876 III,
1280 2811 1305 2876 2,
1324 2811 1367 2863 87.

207 2902 336 2966 Blassius,
357 2900 404 2966 III,
425 2899 448 2964 1,
468 2899 501 2950 74
521 2913 544 2949 ο,
564 2913 589 2962 q.
609 2912 638 2962 s,
659 2895 709 2946 195
728 2910 751 2947 e.
771 2911 796 2960 q.
815 2911 845 2959 s,
865 2897 913 2946 401
935 2912 958 2948 e.
978 2912 1004 2962 q.
1023 2913 1043 2948 s.
1092 2895 1174 2948 Addo
1200 2897 1366 2964 Sarrppeum,

208 3007 271 3042 cum
290 2987 413 3041 scholam
431 2987 549 3039 baberet
569 2983 604 3036 de
622 2983 708 3048 Dem,
729 2981 813 3034 etiam
832 2983 864 3034 18
883 2982 898 3052 5
918 2986 952 3036 20
970 2980 1012 3050 (τὰ
1032 2981 1062 3036 δὲ
1080 2978 1183 3036 τούτοιν
1202 3013 1232 3022 -
1252 2979 1366 3056 εὑρήσει)

207 3097 269 3132 cum
290 3078 323 3130 18
342 3076 357 3146 5
376 3079 409 3128 42
429 3070 471 3142 (τὰ
490 3068 592 3124 τούτοιν
611 3101 643 3109 -
662 3071 752 3136 αἴτια).
764 3088 947 3140 comparasse.

274 3167 297 3232 1)
316 3165 368 3230 IIIi,
389 3163 434 3230 qui
454 3161 490 3214 ad
512 3158 717 3212 defendendum
735 3159 764 3212 id
782 3177 869 3228 genus
888 3158 1012 3222 dicendi,
1036 3158 1111 3228 quod
1136 3163 1268 3212 cernatur
1287 3157 1314 3212 in
1334 3161 1367 3214 18

207 3256 272 3327 551
294 3258 322 3308 et
334 3255 372 3316 ¹8,
399 3248 512 3302 Homeri
532 3247 658 3314 exemplo
677 3251 808 3314 utuntur,
837 3248 872 3302 ab
900 3265 955 3300 una
977 3265 1008 3301 re
1033 3246 1163 3300 videntur
1181 3245 1248 3300 mihi
1267 3246 1365 3316 minus,

208 3361 288 3412 quam
308 3357 425 3407 aequum
446 3342 514 3402 erat,
535 3336 646 3388 cavisse.
682 3335 779 3403 Neque
803 3337 876 3389 enim
899 3336 1005 3402 omnia,
1032 3335 1149 3404 quaein
1168 3333 1366 3404 componendis

208 3429 377 3485 carminibus
396 3430 497 3494 poetae
517 3423 696 3477 concedenda
716 3425 768 3477 sibi
787 3442 846 3477 esse
865 3429 975 3492 putant,
995 3423 1177 3492 scriptoribus
1197 3439 1295 3492 prosse
1308 3439 1367 3477 οεο-

207 3520 291 3573 tionis
310 3518 376 3569 licet
394 3513 506 3567 imitari.
544 3513 675 3579 Quisnam
694 3515 737 3565 est
761 3518 900 3577 nostrum,
929 3511 976 3580 qui
1001 3511 1090 3564 virum
1114 3509 1305 3580 gravissimum
1332 3507 1367 3566 ud

206 3605 377 3674 reipublicae
396 3601 586 3671 gubernacula
604 3600 764 3666 sedentem,
793 3600 815 3652 si
834 3600 870 3653 ab
889 3599 1014 3653 hostibus
1037 3601 1198 3666 superatus,
1224 3595 1366 3652 tammum

206 3694 241 3747 ab
261 3691 388 3756 inimicis,
408 3689 526 3755 denique
546 3689 662 3741 obrutus
682 3687 811 3741 fortunae
833 3687 949 3741 saevitia
966 3685 1103 3739 rationem
1130 3683 1232 3740 debeat
1252 3683 1368 3740 rusldoro

206 3781 327 3835 omnium
346 3794 438 3830 rerum
456 3775 567 3842 publice
586 3793 602 3828 a
621 3792 650 3827 se
663 3779 813 3843 gestarum,
833 3774 931 3830 decere
949 3777 1030 3842 putet
1047 3771 1149 3826 Imitari
1170 3789 1229 3828 eam
1249 3769 1368 3828 ίιιοίλλΙε·

205 3873 263 3922 tem
283 3864 408 3929 dicendi,
439 3881 505 3930 qna,
537 3867 568 3915 ut
587 3862 713 3930 exemplo
736 3867 799 3915 utar
823 3866 851 3915 et
874 3861 1036 3931 pervolgata
1061 3865 1090 3914 et
1112 3859 1367 3928 insignissimum

206 3955 298 4009 verbis
318 3952 482 4020 compluries
500 3950 615 4018 positis,
642 3951 781 4004 imbutum
800 3953 842 4003 est
868 3967 978 4003 cannen
996 3947 1080 4016 illud,
1110 3945 1181 4017 ιγιιικΙ
1207 3945 1368 4004 λιιιαιίΙιλΙιιι·

207 4037 455 4114 Heidenroeslein?
486 4039 529 4090 An
549 4037 703 4104 Goetheus,
728 4039 955 4106 quotiescumque
978 4035 1113 4092 derebus
1134 4033 1211 4090 soriis
1231 4033 1368 4090 (lituorum

206 4145 333 4183 sermone
351 4127 474 4194 pedestri
493 4128 636 4189 utebatur,
666 4126 726 4192 ipse
744 4124 773 4178 id
797 4142 884 4198 genus
904 4123 1013 4182 dicendi
1033 4121 1156 4192 rotium't,
1175 4139 1228 4194 quo
1247 4119 1279 4178 td
1302 4119 1368 4180 illud

207 4233 319 4271 carmen
338 4215 562 4283 componendum
579 4231 645 4268 usus
663 4213 744 4268 erat?
