2954 4824
199 336 241 432 ιι

201 539 373 604 Sohaefero
390 537 587 624 Nitsohius1)
609 539 656 602 ita
679 538 857 619 assentitur,
880 535 948 623 ut§
968 542 1034 602 157.
1052 535 1134 605 med.
1156 575 1199 586 —
1222 535 1322 623 §tea

199 642 267 708 init.
289 633 429 726 (οὐγὰρ
459 634 576 718 ἁπλῶς
603 648 660 705 ant
689 629 750 724 οὐχ
780 628 876 705 οὗτοι
903 635 1010 723 μόνον
1034 677 1074 687 -
1097 635 1172 706 οἶδα
1205 631 1235 704 d’
1257 633 1322 727 ὅτι)

201 744 414 828 interpolatas
437 763 508 809 esse
531 744 617 809 velit.
655 743 774 807 Contra
791 742 996 808 Schaefcrum
1021 743 1249 829 Spengelius2)
1272 763 1323 808 ex·

201 847 290 928 stitit,
313 853 348 910 ut
370 846 547 911 orationem
570 848 602 910 in
627 847 842 910 Timocratem
865 845 1007 910 habitam
1031 865 1093 910 non
1117 847 1324 930 expluribus

200 949 351 1014 membris
373 949 510 1014 diversis
532 949 796 1031 conglutinatam,
826 948 869 1012 ad
891 967 953 1011 uno
985 953 1016 1012 et
1038 953 1190 1032 perpetuo
1213 954 1324 1013 tenore

201 1051 414 1134 conscriptam
445 1057 476 1115 et
505 1056 615 1114 unam
633 1069 719 1133 esse,
752 1048 779 1114 si
809 1049 904 1113 modo
934 1049 966 1112 in
991 1049 1096 1135 5187.
1122 1070 1179 1133 pro
1206 1041 1248 1129 ,ἃ
1279 1051 1325 1130 δὲ,

202 1153 392 1220 scriberetur
413 1153 458 1233 ,εἰ
481 1149 521 1238 δή
531 1158 550 1231 ‘,
572 1173 631 1217 nos
654 1151 791 1218 doceret.
837 1151 936 1216 Unius
958 1154 1019 1216 viri
1042 1153 1239 1235 argumentis
1261 1174 1325 1218 non

202 1257 345 1340 probatis
361 1256 540 1341 Blassius³)
555 1257 587 1320 in
604 1256 694 1338 libro,
714 1271 807 1337 quem
825 1275 921 1338 supra
944 1256 1158 1338 laudavimus,
1181 1257 1323 1322 maxima

202 1363 357 1442 exparte
384 1359 567 1439 Schaefero,
595 1358 684 1423 euius
708 1362 896 1440 argumenta
918 1358 1009 1422 auxit
1037 1378 1074 1423 ac
1096 1357 1250 1443 firmavit,
1279 1361 1324 1422 ita

202 1463 383 1543 assentitur,
406 1468 448 1544 ut,
471 1461 555 1543 quod
577 1461 633 1525 ille
649 1459 689 1524 de
712 1460 834 1524 editore
849 1458 944 1523 huius
967 1460 1120 1524 orationis
1136 1461 1324 1544 suspicatur,

203 1568 235 1629 in
257 1565 364 1630 medio
388 1565 567 1645 relinquere
589 1564 746 1629 videatur.

288 1666 401 1746 Vides,
416 1667 449 1730 in
472 1667 555 1732 duas
574 1667 775 1751 potissimum
791 1671 901 1750 partes
918 1665 1081 1730 discedere
1097 1667 1238 1731 virorum
1254 1665 1323 1731 doc·

203 1776 305 1836 torum
321 1771 512 1835 sententias:
536 1770 578 1834 ab
601 1770 704 1833 altera
720 1775 805 1833 stant
821 1769 1020 1847 Benselerus,
1036 1769 1236 1851 Schaeserus,
1259 1770 1324 1834 Nit-

203 1871 318 1955 schius,
340 1873 496 1955 Blassius,
518 1872 559 1936 ab
582 1873 686 1936 altera
708 1871 794 1935 solus
815 1871 1013 1955 Spengelius.
1058 1871 1110 1936 Illi
1133 1873 1251 1956 partim
1274 1872 1324 1936 iis-

202 1975 283 2055 dem,
312 1975 429 2059 partim
461 1975 596 2040 diversis
618 1965 808 2038 rationibus'
824 1974 886 2037 nisi
909 1974 1049 2038 mediam
1080 1974 1167 2038 illam
1191 1980 1324 2059 partem,
1368 1984 1371 1989 '

204 2096 287 2158 quae
309 2079 342 2142 in
364 2079 628 2161 disceptationem
652 2077 747 2160 venit,
778 2097 818 2140 ex
840 2077 937 2141 totius
961 2076 1114 2140 orationis
1141 2083 1252 2142 tenore
1275 2098 1324 2143 ex·

205 2181 320 2265 cidere,
340 2181 392 2245 hic
414 2185 520 2245 autern
545 2180 656 2245 deesse
679 2199 742 2243 non
765 2199 859 2263 posse
883 2186 1007 2263 putant.
1052 2181 1097 2244 Ao
1120 2199 1160 2244 ne
1189 2180 1238 2245 illi
1261 2181 1325 2263 qui-

203 2283 276 2348 dem
305 2285 401 2368 plane
431 2284 514 2348 inter
536 2302 570 2348 se
598 2282 811 2366 consentiunt,
841 2281 898 2347 sed
929 2281 1045 2366 singuli
1076 2302 1168 2346 suam
1192 2283 1325 2366 quisquc

203 2385 394 2450 sententiam
429 2391 610 2466 sequuntur.
665 2385 750 2449 Nam
781 2385 872 2449 illam
911 2392 1035 2467 partem
1068 2385 1223 2468 mediam,
1256 2405 1324 2451 eum

204 2509 313 2554 omnes
337 2491 378 2554 ab
401 2490 545 2554 oratione
560 2489 592 2552 in
608 2508 709 2552 causa
733 2487 844 2551 habita
867 2487 1005 2552 alienam
1029 2507 1100 2552 csse
1116 2489 1327 2571 consentiant,

148 2653 150 2656 .
205 2593 393 2657 Benselerus
427 2611 447 2656 a
479 2589 694 2656 Demosthene
731 2589 912 2671 abiudicat,
952 2590 1049 2654 ceteri
1090 2591 1120 2654 ei
1152 2590 1327 2670 vindicant,

204 2694 394 2760 Sohaeferus
418 2701 449 2759 et
466 2694 609 2758 Blassius
631 2713 693 2757 uno
717 2699 826 2757 tenore
848 2691 954 2775 tinere,
977 2692 1141 2756 Nitschius
1165 2692 1327 2776 duplicem

204 2797 358 2880 originem
386 2797 503 2862 hahere
529 2797 681 2861 iudicant.
727 2797 774 2860 ho
795 2814 836 2860 ne
859 2795 1066 2879 Spengelium
1100 2794 1229 2877 quidem
1259 2802 1327 2859 tan-

205 2920 300 2982 quam
323 2901 489 2983 explosum
512 2899 726 2983 neglegemus,
747 2897 1021 2981 praesertimcum
1046 2904 1235 2979 argumenta
1259 2899 1329 2963 eius

204 3003 311 3087 digna,
334 3022 418 3085 quae
441 3003 660 3086 respiciantur,
683 3001 822 3065 nondum
846 3000 1030 3064 examinata
1044 3000 1161 3064 nedum
1184 3000 1327 3065 refutata

205 3106 277 3170 sint.
320 3104 409 3182 Quae
426 3124 495 3168 cum
519 3105 565 3168 ita
588 3105 659 3186 sint,
675 3109 849 3168 retractare
873 3102 955 3166 hanc
970 3103 1191 3183 quaestionem
1210 3121 1328 3186 operae

205 3209 341 3291 pretium
359 3207 461 3271 visum
484 3207 576 3271 nohis
600 3213 655 3285 est,
679 3214 776 3288 atque
790 3206 927 3289 primum
951 3204 1084 3286 efficere,
1108 3206 1181 3286 quis
1195 3206 1326 3270 tandem

204 3311 349 3394 proxime
379 3310 420 3374 ad
450 3310 618 3374 veritatem
650 3310 829 3388 accesserit,
859 3306 976 3372 deinde
1006 3308 1074 3372 eius
1105 3309 1214 3392 partis,
1245 3327 1327 3390 quae

205 3414 345 3478 maxime
367 3414 399 3477 in
423 3413 644 3495 quaestionem
675 3412 776 3494 venit,
806 3410 1060 3492 disquisitionem
1091 3409 1326 3492 diligentiorem

204 3517 379 3600 instituere,
403 3535 499 3597 quam
523 3515 627 3578 adhuc
651 3521 700 3580 est
722 3515 852 3595 factum,
873 3513 906 3576 in
930 3513 1036 3577 animo
1060 3519 1117 3578 est.

290 3619 357 3684 Neo
380 3637 455 3683 vero
484 3618 530 3681 ita
560 3617 641 3681 hanc
672 3615 923 3700 disputationem
954 3615 1167 3697 instituemus,
1196 3622 1231 3679 ut
1260 3635 1327 3699 per·

205 3721 312 3804 pensis
335 3723 531 3804 singulorum
562 3719 741 3784 rationibus
771 3738 854 3800 quae
885 3737 990 3800 verae,
1022 3736 1106 3798 quae
1133 3736 1225 3781 secus
1257 3721 1327 3800 sint,

206 3824 425 3906 diiudicemus,
448 3823 507 3888 sed
529 3823 571 3886 de
592 3823 714 3905 integro
737 3842 803 3886 rem
819 3825 957 3885 tractare
979 3820 1078 3884 multo
1102 3819 1212 3884 utilius
1235 3821 1326 3885 nobis

205 3927 339 4010 videtur,
374 3924 471 4008 idque
500 3925 561 4009 ita,
596 3927 631 3988 'ut
662 3923 874 3988 dissolvendis
904 3921 1139 4004 quodammodo
1171 3923 1325 3988 orationis

294 4097 318 4160 1)
337 4094 379 4149 Dc
399 4094 568 4150 traiciendis·
578 4093 703 4162 partibus
721 4093 751 4147 in
769 4092 803 4146 D.
822 4091 1005 4162 orationibus,
1023 4059 1105 4146 Thes.
1119 4097 1143 4145 5.

291 4183 318 4240 2)
336 4179 507 4249 Philologus,
526 4181 581 4234 vol.
594 4179 685 4234 XVII.

291 4268 318 4329 3)
336 4264 467 4320 Attisehe
485 4264 704 4332 Beredsamheit,
723 4264 778 4318 vol.
792 4261 842 4317 111.
