<?xml version="1.0" encoding="UTF-8"?>
<!DOCTYPE html PUBLIC "-//W3C//DTD XHTML 1.0 Transitional//EN"
    "http://www.w3.org/TR/xhtml1/DTD/xhtml1-transitional.dtd">
<html xmlns="http://www.w3.org/1999/xhtml" xml:lang="en" lang="en">
 <head>
  <title>
</title>
<meta http-equiv="Content-Type" content="text/html;charset=utf-8" />
  <meta name='ocr-system' content='tesseract 3.04.00' />
  <meta name='ocr-capabilities' content='ocr_page ocr_carea ocr_par ocr_line ocrx_word'/>
</head>
<body>
  <div class='ocr_page' id='page_1' title='image "./dedemosthenisor00hubogoog_0206.png"; bbox 0 0 2954 4824; ppageno 0'>
   <div class='ocr_carea' id='block_1_1' title="bbox 1250 324 1291 386">
    <p class='ocr_par' dir='ltr' id='par_1_1' title="bbox 1250 324 1291 386">
     <span class='ocr_line' id='line_1_1' title="bbox 1250 324 1291 386; baseline 0.024 -1"><span class='ocrx_word' id='word_1_1' title='bbox 1250 324 1291 386; x_wconf 77' lang='lat'><strong>43</strong></span> 
     </span>
    </p>
   </div>
   <div class='ocr_carea' id='block_1_2' title="bbox 170 489 1327 3046">
    <p class='ocr_par' dir='ltr' id='par_1_2' title="bbox 170 489 1327 3046">
     <span class='ocr_line' id='line_1_2' title="bbox 172 489 1292 576; baseline 0.002 -20"><span class='ocrx_word' id='word_1_2' title='bbox 172 492 346 574; x_wconf 84' lang='lat' dir='ltr'><strong>intellegat.</strong></span> <span class='ocrx_word' id='word_1_3' title='bbox 377 492 489 572; x_wconf 90' lang='lat' dir='ltr'><strong>Neque</strong></span> <span class='ocrx_word' id='word_1_4' title='bbox 512 496 620 556; x_wconf 87' lang='lat' dir='ltr'><strong>tamen</strong></span> <span class='ocrx_word' id='word_1_5' title='bbox 636 509 696 572; x_wconf 84' lang='lat' dir='ltr'><strong>ego</strong></span> <span class='ocrx_word' id='word_1_6' title='bbox 720 509 870 556; x_wconf 90' lang='lat' dir='ltr'><strong>unacum</strong></span> <span class='ocrx_word' id='word_1_7' title='bbox 894 489 1019 556; x_wconf 87' lang='lat' dir='ltr'><strong>schedis</strong></span> <span class='ocrx_word' id='word_1_8' title='bbox 1036 491 1090 576; x_wconf 62' lang='grc' dir='ltr'><strong>αξ</strong></span> <span class='ocrx_word' id='word_1_9' title='bbox 1109 495 1292 559; x_wconf 83' lang='grc'><strong>110.-154.</strong></span> 
     </span>
     <span class='ocr_line' id='line_1_3' title="bbox 171 591 1291 677; baseline 0.002 -21"><span class='ocrx_word' id='word_1_10' title='bbox 171 593 268 676; x_wconf 86' lang='lat' dir='ltr'><strong>etiam</strong></span> <span class='ocrx_word' id='word_1_11' title='bbox 293 613 376 675; x_wconf 88' lang='lat' dir='ltr'><strong>quae</strong></span> <span class='ocrx_word' id='word_1_12' title='bbox 398 593 472 658; x_wconf 89' lang='lat' dir='ltr'><strong>inde</strong></span> <span class='ocrx_word' id='word_1_13' title='bbox 496 613 515 656; x_wconf 90' lang='lat' dir='ltr'><strong>a</strong></span> <span class='ocrx_word' id='word_1_14' title='bbox 536 591 555 677; x_wconf 65' lang='grc' dir='ltr'><strong>ξ</strong></span> <span class='ocrx_word' id='word_1_15' title='bbox 577 595 758 658; x_wconf 82' lang='grc'><strong>155.-186.</strong></span> <span class='ocrx_word' id='word_1_16' title='bbox 774 599 955 675; x_wconf 89' lang='lat' dir='ltr'><strong>sequuntur,</strong></span> <span class='ocrx_word' id='word_1_17' title='bbox 978 593 1116 658; x_wconf 90' lang='lat' dir='ltr'><strong>orationi</strong></span> <span class='ocrx_word' id='word_1_18' title='bbox 1138 594 1169 657; x_wconf 94' lang='lat' dir='ltr'><strong>in</strong></span> <span class='ocrx_word' id='word_1_19' title='bbox 1193 613 1291 660; x_wconf 88' lang='lat' dir='ltr'><strong>causa</strong></span> 
     </span>
     <span class='ocr_line' id='line_1_4' title="bbox 171 694 1293 779; baseline 0.003 -21"><span class='ocrx_word' id='word_1_20' title='bbox 171 715 233 758; x_wconf 92' lang='lat' dir='ltr'><strong>non</strong></span> <span class='ocrx_word' id='word_1_21' title='bbox 245 695 377 760; x_wconf 85' lang='lat' dir='ltr'><strong>habitae</strong></span> <span class='ocrx_word' id='word_1_22' title='bbox 395 695 600 761; x_wconf 90' lang='lat' dir='ltr'><strong>attribuenda</strong></span> <span class='ocrx_word' id='word_1_23' title='bbox 611 694 798 779; x_wconf 86' lang='lat' dir='ltr'><strong>putaverim,</strong></span> <span class='ocrx_word' id='word_1_24' title='bbox 810 694 896 775; x_wconf 91' lang='lat' dir='ltr'><strong>quod</strong></span> <span class='ocrx_word' id='word_1_25' title='bbox 907 695 1096 760; x_wconf 83' lang='lat' dir='ltr'><strong>Schaoferus</strong></span> <span class='ocrx_word' id='word_1_26' title='bbox 1107 703 1139 760; x_wconf 91' lang='lat' dir='ltr'><strong>et</strong></span> <span class='ocrx_word' id='word_1_27' title='bbox 1151 696 1293 761; x_wconf 89' lang='lat' dir='ltr'><strong>Blassius</strong></span> 
     </span>
     <span class='ocr_line' id='line_1_5' title="bbox 171 796 1294 882; baseline 0.001 -21"><span class='ocrx_word' id='word_1_28' title='bbox 171 800 322 864; x_wconf 84' lang='lat' dir='ltr'><strong>lecerunt.</strong></span> <span class='ocrx_word' id='word_1_29' title='bbox 366 796 505 875; x_wconf 72' lang='lat' dir='ltr'><strong>(luorum</strong></span> <span class='ocrx_word' id='word_1_30' title='bbox 533 797 618 861; x_wconf 88' lang='lat' dir='ltr'><strong>illius</strong></span> <span class='ocrx_word' id='word_1_31' title='bbox 646 797 801 862; x_wconf 86' lang='lat' dir='ltr'><strong>rationem</strong></span> <span class='ocrx_word' id='word_1_32' title='bbox 834 818 903 862; x_wconf 85' lang='lat' dir='ltr'><strong>oum</strong></span> <span class='ocrx_word' id='word_1_33' title='bbox 935 819 1032 882; x_wconf 86' lang='lat' dir='ltr'><strong>supra</strong></span> <span class='ocrx_word' id='word_1_34' title='bbox 1055 798 1294 882; x_wconf 89' lang='lat' dir='ltr'><strong>exploserirnus,</strong></span> 
     </span>
     <span class='ocr_line' id='line_1_6' title="bbox 171 901 1294 984; baseline 0.004 -20"><span class='ocrx_word' id='word_1_35' title='bbox 171 901 415 965; x_wconf 89' lang='lat' dir='ltr'><strong>nunc-Blassius</strong></span> <span class='ocrx_word' id='word_1_36' title='bbox 438 901 628 965; x_wconf 79' lang='lat' dir='ltr'><strong>refutandus</strong></span> <span class='ocrx_word' id='word_1_37' title='bbox 644 906 701 982; x_wconf 90' lang='lat' dir='ltr'><strong>est,</strong></span> <span class='ocrx_word' id='word_1_38' title='bbox 723 901 777 982; x_wconf 91' lang='lat' dir='ltr'><strong>qui</strong></span> <span class='ocrx_word' id='word_1_39' title='bbox 794 907 923 984; x_wconf 90' lang='lat' dir='ltr'><strong>propter</strong></span> <span class='ocrx_word' id='word_1_40' title='bbox 939 905 1015 983; x_wconf 83' lang='lat'><strong>197,</strong></span> <span class='ocrx_word' id='word_1_41' title='bbox 1037 921 1101 982; x_wconf 82' lang='lat' dir='ltr'><strong>qua</strong></span> <span class='ocrx_word' id='word_1_42' title='bbox 1116 903 1294 968; x_wconf 88' lang='lat' dir='ltr'><strong>sententiae</strong></span> 
     </span>
     <span class='ocr_line' id='line_1_7' title="bbox 171 1002 1294 1088; baseline 0.002 -21"><span class='ocrx_word' id='word_1_43' title='bbox 171 1003 212 1088; x_wconf 57' lang='grc' dir='ltr'><strong>ἐξ</strong></span> <span class='ocrx_word' id='word_1_44' title='bbox 231 1007 299 1068; x_wconf 73' lang='grc'><strong>162.</strong></span> <span class='ocrx_word' id='word_1_45' title='bbox 330 1023 416 1086; x_wconf 86' lang='lat' dir='ltr'><strong>seqq.</strong></span> <span class='ocrx_word' id='word_1_46' title='bbox 448 1023 487 1068; x_wconf 88' lang='lat' dir='ltr'><strong>ex</strong></span> <span class='ocrx_word' id='word_1_47' title='bbox 510 1003 728 1068; x_wconf 84' lang='lat' dir='ltr'><strong>Androtionea</strong></span> <span class='ocrx_word' id='word_1_48' title='bbox 757 1002 943 1067; x_wconf 86' lang='lat' dir='ltr'><strong>hauslarurn</strong></span> <span class='ocrx_word' id='word_1_49' title='bbox 967 1011 1166 1088; x_wconf 79' lang='lat' dir='ltr'><strong>repetantur,</strong></span> <span class='ocrx_word' id='word_1_50' title='bbox 1196 1005 1294 1088; x_wconf 79' lang='lat' dir='ltr'><strong>priori</strong></span> 
     </span>
     <span class='ocr_line' id='line_1_8' title="bbox 171 1105 1294 1191; baseline 0.003 -22"><span class='ocrx_word' id='word_1_51' title='bbox 171 1107 309 1170; x_wconf 88' lang='lat' dir='ltr'><strong>orationi</strong></span> <span class='ocrx_word' id='word_1_52' title='bbox 338 1126 376 1171; x_wconf 84' lang='lat' dir='ltr'><strong>eo</strong></span> <span class='ocrx_word' id='word_1_53' title='bbox 405 1105 504 1171; x_wconf 87' lang='lat' dir='ltr'><strong>verba</strong></span> <span class='ocrx_word' id='word_1_54' title='bbox 531 1106 683 1190; x_wconf 74' lang='lat' dir='ltr'><strong>attribuit.</strong></span> <span class='ocrx_word' id='word_1_55' title='bbox 736 1105 820 1170; x_wconf 93' lang='lat' dir='ltr'><strong>lllud</strong></span> <span class='ocrx_word' id='word_1_56' title='bbox 850 1113 956 1170; x_wconf 87' lang='lat' dir='ltr'><strong>autem</strong></span> <span class='ocrx_word' id='word_1_57' title='bbox 989 1106 1116 1174; x_wconf 88' lang='lat' dir='ltr'><strong>Blassio</strong></span> <span class='ocrx_word' id='word_1_58' title='bbox 1146 1109 1294 1191; x_wconf 90' lang='lat' dir='ltr'><strong>concedo,</strong></span> 
     </span>
     <span class='ocr_line' id='line_1_9' title="bbox 170 1197 1295 1293; baseline 0.002 -20"><span class='ocrx_word' id='word_1_59' title='bbox 170 1231 234 1274; x_wconf 93' lang='lat' dir='ltr'><strong>nou</strong></span> <span class='ocrx_word' id='word_1_60' title='bbox 258 1216 333 1293; x_wconf 91' lang='lat' dir='ltr'><strong>apte</strong></span> <span class='ocrx_word' id='word_1_61' title='bbox 356 1209 455 1274; x_wconf 90' lang='lat' dir='ltr'><strong>verba</strong></span> <span class='ocrx_word' id='word_1_62' title='bbox 478 1211 585 1290; x_wconf 66' lang='lat'><strong>5197.</strong></span> <span class='ocrx_word' id='word_1_63' title='bbox 608 1209 650 1272; x_wconf 86' lang='lat' dir='ltr'><strong>ad</strong></span> <span class='ocrx_word' id='word_1_64' title='bbox 678 1197 784 1289; x_wconf 62' lang='lat' dir='ltr'><strong>§rea</strong></span> <span class='ocrx_word' id='word_1_65' title='bbox 812 1211 978 1275; x_wconf 85' lang='lat' dir='ltr'><strong>revocari.</strong></span> <span class='ocrx_word' id='word_1_66' title='bbox 1030 1210 1094 1274; x_wconf 84' lang='lat' dir='ltr'><strong>Sed</strong></span> <span class='ocrx_word' id='word_1_67' title='bbox 1126 1211 1228 1292; x_wconf 85' lang='lat' dir='ltr'><strong>quid?</strong></span> <span class='ocrx_word' id='word_1_68' title='bbox 1258 1212 1295 1293; x_wconf 82' lang='lat' dir='ltr'><strong>ei,</strong></span> 
     </span>
     <span class='ocr_line' id='line_1_10' title="bbox 171 1311 1294 1396; baseline -0.001 -19"><span class='ocrx_word' id='word_1_69' title='bbox 171 1317 371 1395; x_wconf 83' lang='lat' dir='ltr'>postquam</span> <span class='ocrx_word' id='word_1_70' title='bbox 406 1311 426 1396; x_wconf 55' lang='grc' dir='ltr'><strong>ᾖ·</strong></span> <span class='ocrx_word' id='word_1_71' title='bbox 453 1314 520 1376; x_wconf 85' lang='grc'><strong>197.</strong></span> <span class='ocrx_word' id='word_1_72' title='bbox 549 1312 747 1376; x_wconf 81' lang='lat' dir='ltr'><strong>exactionem</strong></span> <span class='ocrx_word' id='word_1_73' title='bbox 784 1312 871 1375; x_wconf 90' lang='lat' dir='ltr'><strong>illam</strong></span> <span class='ocrx_word' id='word_1_74' title='bbox 907 1312 1113 1395; x_wconf 79' lang='lat' dir='ltr'><strong>pecuniarum</strong></span> <span class='ocrx_word' id='word_1_75' title='bbox 1148 1313 1294 1396; x_wconf 87' lang='lat' dir='ltr'><strong>tetigerit,</strong></span> 
     </span>
     <span class='ocr_line' id='line_1_11' title="bbox 172 1413 1327 1499; baseline -0.001 -20"><span class='ocrx_word' id='word_1_76' title='bbox 172 1421 285 1499; x_wconf 85' lang='lat' dir='ltr'><strong>postea</strong></span> <span class='ocrx_word' id='word_1_77' title='bbox 313 1434 386 1480; x_wconf 87' lang='lat' dir='ltr'><strong>earn</strong></span> <span class='ocrx_word' id='word_1_78' title='bbox 413 1434 480 1480; x_wconf 90' lang='lat' dir='ltr'><strong>rom</strong></span> <span class='ocrx_word' id='word_1_79' title='bbox 509 1413 700 1497; x_wconf 78' lang='lat' dir='ltr'><strong>explicatius</strong></span> <span class='ocrx_word' id='word_1_80' title='bbox 722 1421 754 1479; x_wconf 90' lang='lat' dir='ltr'><strong>et</strong></span> <span class='ocrx_word' id='word_1_81' title='bbox 776 1415 905 1480; x_wconf 88' lang='lat' dir='ltr'><strong>uberius</strong></span> <span class='ocrx_word' id='word_1_82' title='bbox 930 1416 1117 1499; x_wconf 82' lang='lat' dir='ltr'><strong>exposuisse</strong></span> <span class='ocrx_word' id='word_1_83' title='bbox 1138 1422 1295 1480; x_wconf 87' lang='lat' dir='ltr'><strong>oratorem</strong></span> <span class='ocrx_word' id='word_1_84' title='bbox 1325 1435 1327 1440; x_wconf 91' lang='lat'>·</span> 
     </span>
     <span class='ocr_line' id='line_1_12' title="bbox 172 1515 1293 1602; baseline 0 -19"><span class='ocrx_word' id='word_1_85' title='bbox 172 1518 397 1602; x_wconf 82' lang='lat' dir='ltr'><strong>suspicamur?</strong></span> <span class='ocrx_word' id='word_1_86' title='bbox 450 1515 521 1594; x_wconf 83' lang='lat' dir='ltr'><strong>Qua</strong></span> <span class='ocrx_word' id='word_1_87' title='bbox 551 1519 676 1582; x_wconf 87' lang='lat' dir='ltr'><strong>ratione</strong></span> <span class='ocrx_word' id='word_1_88' title='bbox 708 1538 745 1582; x_wconf 90' lang='lat' dir='ltr'><strong>eo</strong></span> <span class='ocrx_word' id='word_1_89' title='bbox 774 1518 975 1596; x_wconf 86' lang='lat' dir='ltr'><strong>deducimur,</strong></span> <span class='ocrx_word' id='word_1_90' title='bbox 1010 1524 1045 1581; x_wconf 90' lang='lat' dir='ltr'><strong>ut</strong></span> <span class='ocrx_word' id='word_1_91' title='bbox 1075 1525 1175 1583; x_wconf 89' lang='lat' dir='ltr'><strong>totam</strong></span> <span class='ocrx_word' id='word_1_92' title='bbox 1204 1520 1293 1584; x_wconf 87' lang='lat' dir='ltr'><strong>illam</strong></span> 
     </span>
     <span class='ocr_line' id='line_1_13' title="bbox 172 1620 1294 1706; baseline 0.002 -20"><span class='ocrx_word' id='word_1_93' title='bbox 172 1629 296 1706; x_wconf 88' lang='lat' dir='ltr'><strong>partem</strong></span> <span class='ocrx_word' id='word_1_94' title='bbox 320 1641 340 1684; x_wconf 89' lang='lat' dir='ltr'><strong>a</strong></span> <span class='ocrx_word' id='word_1_95' title='bbox 363 1620 382 1706; x_wconf 68' lang='grc' dir='ltr'>ξ</span> <span class='ocrx_word' id='word_1_96' title='bbox 402 1623 586 1686; x_wconf 68' lang='lat' dir='ltr'><strong>uos—186.</strong></span> <span class='ocrx_word' id='word_1_97' title='bbox 608 1627 770 1686; x_wconf 83' lang='lat' dir='ltr'><strong>extremae</strong></span> <span class='ocrx_word' id='word_1_98' title='bbox 798 1621 953 1685; x_wconf 88' lang='lat' dir='ltr'><strong>orationis</strong></span> <span class='ocrx_word' id='word_1_99' title='bbox 980 1621 1065 1704; x_wconf 88' lang='lat' dir='ltr'><strong>parti</strong></span> <span class='ocrx_word' id='word_1_100' title='bbox 1089 1622 1294 1688; x_wconf 84' lang='lat' dir='ltr'><strong>vindicemus.</strong></span> 
     </span>
     <span class='ocr_line' id='line_1_14' title="bbox 171 1723 1294 1808; baseline 0.001 -19"><span class='ocrx_word' id='word_1_101' title='bbox 171 1727 265 1808; x_wconf 90' lang='lat' dir='ltr'><strong>Nam,</strong></span> <span class='ocrx_word' id='word_1_102' title='bbox 297 1725 382 1807; x_wconf 92' lang='lat' dir='ltr'><strong>quod</strong></span> <span class='ocrx_word' id='word_1_103' title='bbox 412 1725 476 1788; x_wconf 92' lang='lat' dir='ltr'><strong>iam</strong></span> <span class='ocrx_word' id='word_1_104' title='bbox 508 1744 606 1807; x_wconf 88' lang='lat' dir='ltr'><strong>supra</strong></span> <span class='ocrx_word' id='word_1_105' title='bbox 635 1723 790 1807; x_wconf 87' lang='lat' dir='ltr'><strong>indicavi,</strong></span> <span class='ocrx_word' id='word_1_106' title='bbox 820 1730 910 1789; x_wconf 90' lang='lat' dir='ltr'><strong>tota</strong></span> <span class='ocrx_word' id='word_1_107' title='bbox 942 1724 999 1788; x_wconf 90' lang='lat' dir='ltr'><strong>illa</strong></span> <span class='ocrx_word' id='word_1_108' title='bbox 1031 1745 1108 1808; x_wconf 85' lang='lat' dir='ltr'><strong>pars</strong></span> <span class='ocrx_word' id='word_1_109' title='bbox 1137 1725 1294 1808; x_wconf 86' lang='lat' dir='ltr'><strong>perpolita</strong></span> 
     </span>
     <span class='ocr_line' id='line_1_15' title="bbox 172 1826 1295 1912; baseline -0.002 -20"><span class='ocrx_word' id='word_1_110' title='bbox 172 1835 221 1892; x_wconf 85' lang='lat' dir='ltr'><strong>est</strong></span> <span class='ocrx_word' id='word_1_111' title='bbox 243 1827 322 1911; x_wconf 89' lang='lat' dir='ltr'><strong>(non</strong></span> <span class='ocrx_word' id='word_1_112' title='bbox 345 1845 385 1891; x_wconf 90' lang='lat' dir='ltr'><strong>ea</strong></span> <span class='ocrx_word' id='word_1_113' title='bbox 401 1827 501 1890; x_wconf 88' lang='lat' dir='ltr'><strong>solum</strong></span> <span class='ocrx_word' id='word_1_114' title='bbox 519 1826 627 1908; x_wconf 86' lang='lat' dir='ltr'><strong>verba,</strong></span> <span class='ocrx_word' id='word_1_115' title='bbox 650 1846 733 1908; x_wconf 91' lang='lat' dir='ltr'><strong>quae</strong></span> <span class='ocrx_word' id='word_1_116' title='bbox 757 1847 796 1891; x_wconf 89' lang='lat' dir='ltr'><strong>ex</strong></span> <span class='ocrx_word' id='word_1_117' title='bbox 816 1827 1034 1891; x_wconf 82' lang='lat' dir='ltr'><strong>Androtionoa</strong></span> <span class='ocrx_word' id='word_1_118' title='bbox 1057 1833 1185 1910; x_wconf 88' lang='lat' dir='ltr'><strong>sumpta</strong></span> <span class='ocrx_word' id='word_1_119' title='bbox 1208 1827 1295 1912; x_wconf 82' lang='lat' dir='ltr'><strong>sunt)</strong></span> 
     </span>
     <span class='ocr_line' id='line_1_16' title="bbox 172 1929 1295 2014; baseline 0 -19"><span class='ocrx_word' id='word_1_120' title='bbox 172 1949 277 2011; x_wconf 87' lang='lat' dir='ltr'><strong>neque</strong></span> <span class='ocrx_word' id='word_1_121' title='bbox 311 1930 411 1995; x_wconf 92' lang='lat' dir='ltr'><strong>ullum</strong></span> <span class='ocrx_word' id='word_1_122' title='bbox 445 1929 566 1993; x_wconf 87' lang='lat' dir='ltr'><strong>hiatum</strong></span> <span class='ocrx_word' id='word_1_123' title='bbox 601 1930 750 1993; x_wconf 89' lang='lat' dir='ltr'><strong>vitiosum</strong></span> <span class='ocrx_word' id='word_1_124' title='bbox 784 1930 929 2014; x_wconf 87' lang='lat' dir='ltr'><strong>praebet,</strong></span> <span class='ocrx_word' id='word_1_125' title='bbox 962 1949 1021 2002; x_wconf 88' lang='lat' dir='ltr'><strong>neo</strong></span> <span class='ocrx_word' id='word_1_126' title='bbox 1054 1929 1145 1993; x_wconf 88' lang='lat' dir='ltr'><strong>nobis</strong></span> <span class='ocrx_word' id='word_1_127' title='bbox 1178 1929 1295 2012; x_wconf 82' lang='lat' dir='ltr'><strong>lingere</strong></span> 
     </span>
     <span class='ocr_line' id='line_1_17' title="bbox 173 2032 1294 2118; baseline -0.003 -19"><span class='ocrx_word' id='word_1_128' title='bbox 173 2055 357 2118; x_wconf 88' lang='lat' dir='ltr'><strong>possumus,</strong></span> <span class='ocrx_word' id='word_1_129' title='bbox 387 2054 451 2116; x_wconf 92' lang='lat' dir='ltr'><strong>qua</strong></span> <span class='ocrx_word' id='word_1_130' title='bbox 480 2033 605 2097; x_wconf 86' lang='lat' dir='ltr'><strong>ratione</strong></span> <span class='ocrx_word' id='word_1_131' title='bbox 628 2032 860 2097; x_wconf 86' lang='lat' dir='ltr'><strong>Demosthenes</strong></span> <span class='ocrx_word' id='word_1_132' title='bbox 891 2033 1039 2096; x_wconf 90' lang='lat' dir='ltr'><strong>inductus</strong></span> <span class='ocrx_word' id='word_1_133' title='bbox 1071 2033 1119 2113; x_wconf 87' lang='lat' dir='ltr'><strong>sit,</strong></span> <span class='ocrx_word' id='word_1_134' title='bbox 1149 2040 1194 2112; x_wconf 88' lang='lat' dir='ltr'><strong>ut,</strong></span> <span class='ocrx_word' id='word_1_135' title='bbox 1224 2054 1294 2097; x_wconf 92' lang='lat' dir='ltr'><strong>oum</strong></span> 
     </span>
     <span class='ocr_line' id='line_1_18' title="bbox 174 2135 1294 2219; baseline -0.002 -17"><span class='ocrx_word' id='word_1_136' title='bbox 174 2144 281 2202; x_wconf 89' lang='lat' dir='ltr'><strong>cetera</strong></span> <span class='ocrx_word' id='word_1_137' title='bbox 304 2135 418 2219; x_wconf 89' lang='lat' dir='ltr'><strong>prioris</strong></span> <span class='ocrx_word' id='word_1_138' title='bbox 440 2136 594 2200; x_wconf 89' lang='lat' dir='ltr'><strong>orationis</strong></span> <span class='ocrx_word' id='word_1_139' title='bbox 614 2136 755 2200; x_wconf 87' lang='lat' dir='ltr'><strong>membra</strong></span> <span class='ocrx_word' id='word_1_140' title='bbox 779 2155 880 2218; x_wconf 87' lang='lat' dir='ltr'><strong>eaque</strong></span> <span class='ocrx_word' id='word_1_141' title='bbox 904 2135 1128 2200; x_wconf 88' lang='lat' dir='ltr'><strong>antecedentia</strong></span> <span class='ocrx_word' id='word_1_142' title='bbox 1150 2135 1294 2218; x_wconf 88' lang='lat' dir='ltr'><strong>impolita</strong></span> 
     </span>
     <span class='ocr_line' id='line_1_19' title="bbox 174 2238 1322 2321; baseline -0.002 -19"><span class='ocrx_word' id='word_1_143' title='bbox 174 2239 380 2320; x_wconf 89' lang='lat' dir='ltr'><strong>relinqueret,</strong></span> <span class='ocrx_word' id='word_1_144' title='bbox 421 2244 605 2321; x_wconf 89' lang='lat' dir='ltr'><strong>sequentem</strong></span> <span class='ocrx_word' id='word_1_145' title='bbox 648 2246 788 2321; x_wconf 89' lang='lat' dir='ltr'><strong>partem,</strong></span> <span class='ocrx_word' id='word_1_146' title='bbox 827 2257 1022 2320; x_wconf 88' lang='lat' dir='ltr'><strong>quamquam</strong></span> <span class='ocrx_word' id='word_1_147' title='bbox 1063 2238 1322 2320; x_wconf 82' lang='lat' dir='ltr'><strong>neglegendam-</strong></span> 
     </span>
     <span class='ocr_line' id='line_1_20' title="bbox 173 2339 1295 2424; baseline -0.002 -16"><span class='ocrx_word' id='word_1_148' title='bbox 173 2343 358 2422; x_wconf 88' lang='lat' dir='ltr'><strong>oensuisset,</strong></span> <span class='ocrx_word' id='word_1_149' title='bbox 380 2349 488 2406; x_wconf 89' lang='lat' dir='ltr'><strong>tamen</strong></span> <span class='ocrx_word' id='word_1_150' title='bbox 512 2341 692 2424; x_wconf 87' lang='lat' dir='ltr'><strong>perpoliret.</strong></span> <span class='ocrx_word' id='word_1_151' title='bbox 737 2339 840 2417; x_wconf 79' lang='lat' dir='ltr'><strong>Quam</strong></span> <span class='ocrx_word' id='word_1_152' title='bbox 863 2341 1082 2406; x_wconf 84' lang='lat' dir='ltr'><strong>difficultatem</strong></span> <span class='ocrx_word' id='word_1_153' title='bbox 1106 2361 1164 2406; x_wconf 91' lang='lat' dir='ltr'><strong>nco</strong></span> <span class='ocrx_word' id='word_1_154' title='bbox 1180 2341 1295 2407; x_wconf 85' lang='lat' dir='ltr'><strong>Sohae-</strong></span> 
     </span>
     <span class='ocr_line' id='line_1_21' title="bbox 172 2441 1297 2528; baseline -0.002 -18"><span class='ocrx_word' id='word_1_155' title='bbox 172 2447 258 2512; x_wconf 84' lang='lat' dir='ltr'><strong>ferus</strong></span> <span class='ocrx_word' id='word_1_156' title='bbox 287 2465 346 2509; x_wconf 94' lang='lat' dir='ltr'><strong>neo</strong></span> <span class='ocrx_word' id='word_1_157' title='bbox 378 2445 524 2509; x_wconf 87' lang='lat' dir='ltr'><strong>Blassius</strong></span> <span class='ocrx_word' id='word_1_158' title='bbox 553 2443 687 2508; x_wconf 88' lang='lat' dir='ltr'><strong>sustulit.</strong></span> <span class='ocrx_word' id='word_1_159' title='bbox 732 2441 834 2520; x_wconf 83' lang='lat' dir='ltr'><strong>Quam</strong></span> <span class='ocrx_word' id='word_1_160' title='bbox 866 2443 905 2507; x_wconf 95' lang='lat' dir='ltr'><strong>ob</strong></span> <span class='ocrx_word' id='word_1_161' title='bbox 936 2464 1001 2508; x_wconf 89' lang='lat' dir='ltr'><strong>rem</strong></span> <span class='ocrx_word' id='word_1_162' title='bbox 1033 2451 1132 2509; x_wconf 89' lang='lat' dir='ltr'><strong>totam</strong></span> <span class='ocrx_word' id='word_1_163' title='bbox 1163 2452 1297 2528; x_wconf 89' lang='lat' dir='ltr'><strong>partem,</strong></span> 
     </span>
     <span class='ocr_line' id='line_1_22' title="bbox 172 2547 1296 2631; baseline -0.002 -17"><span class='ocrx_word' id='word_1_164' title='bbox 172 2551 213 2614; x_wconf 89' lang='lat' dir='ltr'><strong>de</strong></span> <span class='ocrx_word' id='word_1_165' title='bbox 237 2568 302 2630; x_wconf 89' lang='lat' dir='ltr'><strong>qua</strong></span> <span class='ocrx_word' id='word_1_166' title='bbox 324 2567 407 2612; x_wconf 91' lang='lat' dir='ltr'><strong>nunc</strong></span> <span class='ocrx_word' id='word_1_167' title='bbox 429 2547 618 2631; x_wconf 87' lang='lat' dir='ltr'><strong>disputatur,</strong></span> <span class='ocrx_word' id='word_1_168' title='bbox 641 2548 808 2630; x_wconf 82' lang='lat' dir='ltr'><strong>posteriori</strong></span> <span class='ocrx_word' id='word_1_169' title='bbox 834 2547 969 2612; x_wconf 89' lang='lat' dir='ltr'><strong>orationi</strong></span> <span class='ocrx_word' id='word_1_170' title='bbox 993 2548 1025 2611; x_wconf 93' lang='lat' dir='ltr'><strong>in</strong></span> <span class='ocrx_word' id='word_1_171' title='bbox 1042 2567 1147 2612; x_wconf 87' lang='lat' dir='ltr'><strong>causa.</strong></span> <span class='ocrx_word' id='word_1_172' title='bbox 1167 2548 1296 2614; x_wconf 86' lang='lat' dir='ltr'><strong>habitae</strong></span> 
     </span>
     <span class='ocr_line' id='line_1_23' title="bbox 173 2649 1296 2733; baseline 0 -19"><span class='ocrx_word' id='word_1_173' title='bbox 173 2650 309 2732; x_wconf 85' lang='lat' dir='ltr'><strong>vindico,</strong></span> <span class='ocrx_word' id='word_1_174' title='bbox 333 2669 467 2731; x_wconf 91' lang='lat' dir='ltr'><strong>cumque</strong></span> <span class='ocrx_word' id='word_1_175' title='bbox 483 2669 520 2714; x_wconf 91' lang='lat' dir='ltr'><strong>eo</strong></span> <span class='ocrx_word' id='word_1_176' title='bbox 543 2650 621 2731; x_wconf 92' lang='lat' dir='ltr'><strong>loco,</strong></span> <span class='ocrx_word' id='word_1_177' title='bbox 640 2670 706 2731; x_wconf 91' lang='lat' dir='ltr'><strong>quo</strong></span> <span class='ocrx_word' id='word_1_178' title='bbox 732 2649 852 2714; x_wconf 89' lang='lat' dir='ltr'><strong>tradita</strong></span> <span class='ocrx_word' id='word_1_179' title='bbox 875 2657 930 2732; x_wconf 89' lang='lat' dir='ltr'><strong>ost,</strong></span> <span class='ocrx_word' id='word_1_180' title='bbox 954 2649 1028 2714; x_wconf 90' lang='lat' dir='ltr'><strong>ferri</strong></span> <span class='ocrx_word' id='word_1_181' title='bbox 1059 2657 1207 2733; x_wconf 88' lang='lat' dir='ltr'><strong>nequeat,</strong></span> <span class='ocrx_word' id='word_1_182' title='bbox 1231 2651 1296 2715; x_wconf 90' lang='lat' dir='ltr'><strong>alio</strong></span> 
     </span>
     <span class='ocr_line' id='line_1_24' title="bbox 173 2753 1295 2839; baseline -0.002 -19"><span class='ocrx_word' id='word_1_183' title='bbox 173 2760 349 2839; x_wconf 89' lang='lat' dir='ltr'><strong>reponatur</strong></span> <span class='ocrx_word' id='word_1_184' title='bbox 364 2773 493 2818; x_wconf 86' lang='lat' dir='ltr'><strong>neeesse</strong></span> <span class='ocrx_word' id='word_1_185' title='bbox 516 2759 573 2818; x_wconf 92' lang='lat' dir='ltr'><strong>est.</strong></span> <span class='ocrx_word' id='word_1_186' title='bbox 618 2754 663 2818; x_wconf 82' lang='lat' dir='ltr'><strong>Ao</strong></span> <span class='ocrx_word' id='word_1_187' title='bbox 687 2754 762 2816; x_wconf 90' lang='lat' dir='ltr'><strong>mihi</strong></span> <span class='ocrx_word' id='word_1_188' title='bbox 780 2753 907 2836; x_wconf 91' lang='lat' dir='ltr'><strong>quidem</strong></span> <span class='ocrx_word' id='word_1_189' title='bbox 929 2760 1104 2820; x_wconf 87' lang='lat' dir='ltr'><strong>extremam</strong></span> <span class='ocrx_word' id='word_1_190' title='bbox 1121 2755 1295 2819; x_wconf 89' lang='lat' dir='ltr'><strong>orationem</strong></span> 
     </span>
     <span class='ocr_line' id='line_1_25' title="bbox 173 2857 1297 2943; baseline -0.003 -20"><span class='ocrx_word' id='word_1_191' title='bbox 173 2857 350 2943; x_wconf 84' lang='lat' dir='ltr'><strong>perlegenti</strong></span> <span class='ocrx_word' id='word_1_192' title='bbox 386 2857 491 2940; x_wconf 91' lang='lat' dir='ltr'><strong>aptior</strong></span> <span class='ocrx_word' id='word_1_193' title='bbox 521 2857 627 2920; x_wconf 90' lang='lat' dir='ltr'><strong>nullus</strong></span> <span class='ocrx_word' id='word_1_194' title='bbox 657 2857 758 2938; x_wconf 80' lang='lat' dir='ltr'><strong>loeus,</strong></span> <span class='ocrx_word' id='word_1_195' title='bbox 790 2857 845 2939; x_wconf 92' lang='lat' dir='ltr'><strong>qui</strong></span> <span class='ocrx_word' id='word_1_196' title='bbox 876 2857 965 2921; x_wconf 91' lang='lat' dir='ltr'><strong>illam</strong></span> <span class='ocrx_word' id='word_1_197' title='bbox 995 2862 1117 2940; x_wconf 90' lang='lat' dir='ltr'><strong>partem</strong></span> <span class='ocrx_word' id='word_1_198' title='bbox 1149 2857 1297 2940; x_wconf 88' lang='lat' dir='ltr'><strong>excipiat,</strong></span> 
     </span>
     <span class='ocr_line' id='line_1_26' title="bbox 175 2945 1296 3046; baseline -0.002 -22"><span class='ocrx_word' id='word_1_199' title='bbox 175 2963 301 3026; x_wconf 89' lang='lat' dir='ltr'><strong>videtur</strong></span> <span class='ocrx_word' id='word_1_200' title='bbox 324 2980 419 3043; x_wconf 92' lang='lat' dir='ltr'><strong>quam</strong></span> <span class='ocrx_word' id='word_1_201' title='bbox 449 2963 556 3042; x_wconf 58' lang='lat' dir='ltr'><strong>§tle</strong></span> <span class='ocrx_word' id='word_1_202' title='bbox 578 2960 685 3040; x_wconf 85' lang='lat' dir='ltr'><strong>verba,</strong></span> <span class='ocrx_word' id='word_1_203' title='bbox 709 2979 792 3041; x_wconf 91' lang='lat' dir='ltr'><strong>quae</strong></span> <span class='ocrx_word' id='word_1_204' title='bbox 816 2967 889 3025; x_wconf 89' lang='lat' dir='ltr'><strong>sunt</strong></span> <span class='ocrx_word' id='word_1_205' title='bbox 917 2956 979 3046; x_wconf 76' lang='grc' dir='ltr'><strong>χρὴ</strong></span> <span class='ocrx_word' id='word_1_206' title='bbox 1006 2959 1068 3041; x_wconf 82' lang='grc' dir='ltr'><strong>μὲν</strong></span> <span class='ocrx_word' id='word_1_207' title='bbox 1104 2945 1167 3024; x_wconf 69' lang='grc' dir='ltr'><strong>οὖν</strong></span> <span class='ocrx_word' id='word_1_208' title='bbox 1193 2962 1296 3023; x_wconf 76' lang='grc' dir='ltr'><em>πᾶσιν</em></span> 
     </span>
    </p>
   </div>
   <div class='ocr_carea' id='block_1_3' title="bbox 173 3057 1298 3545">
    <p class='ocr_par' dir='ltr' id='par_1_3' title="bbox 174 3057 538 3150">
     <span class='ocr_line' id='line_1_27' title="bbox 174 3057 538 3150; baseline -0.003 -21"><span class='ocrx_word' id='word_1_209' title='bbox 174 3057 317 3150; x_wconf 80' lang='grc' dir='ltr'><em>ὀργίλως</em></span> <span class='ocrx_word' id='word_1_210' title='bbox 341 3062 426 3147; x_wconf 74' lang='grc' dir='ltr'><em>ἔχειν</em></span> <span class='ocrx_word' id='word_1_211' title='bbox 448 3083 538 3145; x_wconf 85' lang='lat' dir='ltr'><strong>seqq.</strong></span> 
     </span>
    </p>

    <p class='ocr_par' dir='ltr' id='par_1_4' title="bbox 173 3165 1298 3545">
     <span class='ocr_line' id='line_1_28' title="bbox 259 3165 1297 3250; baseline -0.005 -18"><span class='ocrx_word' id='word_1_212' title='bbox 259 3169 309 3232; x_wconf 91' lang='lat' dir='ltr'><strong>De</strong></span> <span class='ocrx_word' id='word_1_213' title='bbox 332 3174 474 3232; x_wconf 86' lang='lat' dir='ltr'><strong>extrema</strong></span> <span class='ocrx_word' id='word_1_214' title='bbox 498 3167 592 3231; x_wconf 90' lang='lat' dir='ltr'><strong>huius</strong></span> <span class='ocrx_word' id='word_1_215' title='bbox 614 3167 769 3231; x_wconf 89' lang='lat' dir='ltr'><strong>orationis</strong></span> <span class='ocrx_word' id='word_1_216' title='bbox 792 3173 892 3250; x_wconf 92' lang='lat' dir='ltr'><strong>parto,</strong></span> <span class='ocrx_word' id='word_1_217' title='bbox 919 3186 989 3230; x_wconf 86' lang='lat' dir='ltr'><strong>cunr</strong></span> <span class='ocrx_word' id='word_1_218' title='bbox 1013 3185 1071 3230; x_wconf 90' lang='lat' dir='ltr'><strong>neo</strong></span> <span class='ocrx_word' id='word_1_219' title='bbox 1094 3165 1172 3229; x_wconf 87' lang='lat' dir='ltr'><strong>viris</strong></span> <span class='ocrx_word' id='word_1_220' title='bbox 1195 3165 1297 3229; x_wconf 91' lang='lat' dir='ltr'><strong>doctis</strong></span> 
     </span>
     <span class='ocr_line' id='line_1_29' title="bbox 174 3267 1298 3354; baseline -0.004 -18"><span class='ocrx_word' id='word_1_221' title='bbox 174 3290 232 3337; x_wconf 92' lang='lat' dir='ltr'><strong>nec</strong></span> <span class='ocrx_word' id='word_1_222' title='bbox 256 3271 332 3336; x_wconf 89' lang='lat' dir='ltr'><strong>mihi</strong></span> <span class='ocrx_word' id='word_1_223' title='bbox 356 3272 562 3336; x_wconf 86' lang='lat' dir='ltr'><strong>offensionem</strong></span> <span class='ocrx_word' id='word_1_224' title='bbox 592 3269 791 3354; x_wconf 83' lang='lat' dir='ltr'><strong>praebuerit,</strong></span> <span class='ocrx_word' id='word_1_225' title='bbox 824 3269 903 3332; x_wconf 92' lang='lat' dir='ltr'><strong>nihil</strong></span> <span class='ocrx_word' id='word_1_226' title='bbox 926 3268 1043 3350; x_wconf 87' lang='lat' dir='ltr'><strong>habeo,</strong></span> <span class='ocrx_word' id='word_1_227' title='bbox 1073 3268 1157 3349; x_wconf 93' lang='lat' dir='ltr'><strong>quod</strong></span> <span class='ocrx_word' id='word_1_228' title='bbox 1184 3267 1298 3332; x_wconf 89' lang='lat' dir='ltr'><strong>dicam.</strong></span> 
     </span>
     <span class='ocr_line' id='line_1_30' title="bbox 173 3370 1298 3459; baseline -0.006 -19"><span class='ocrx_word' id='word_1_229' title='bbox 173 3377 257 3440; x_wconf 90' lang='lat' dir='ltr'><strong>Nam</strong></span> <span class='ocrx_word' id='word_1_230' title='bbox 281 3375 448 3459; x_wconf 90' lang='lat' dir='ltr'><strong>posteriori</strong></span> <span class='ocrx_word' id='word_1_231' title='bbox 479 3372 615 3438; x_wconf 90' lang='lat' dir='ltr'><strong>orationi</strong></span> <span class='ocrx_word' id='word_1_232' title='bbox 639 3374 672 3437; x_wconf 92' lang='lat' dir='ltr'><strong>in</strong></span> <span class='ocrx_word' id='word_1_233' title='bbox 700 3391 799 3436; x_wconf 87' lang='lat' dir='ltr'><strong>causa</strong></span> <span class='ocrx_word' id='word_1_234' title='bbox 824 3371 953 3437; x_wconf 89' lang='lat' dir='ltr'><strong>habitae</strong></span> <span class='ocrx_word' id='word_1_235' title='bbox 975 3370 1201 3436; x_wconf 85' lang='lat' dir='ltr'><strong>vindicandam</strong></span> <span class='ocrx_word' id='word_1_236' title='bbox 1226 3390 1298 3434; x_wconf 89' lang='lat' dir='ltr'><strong>eam</strong></span> 
     </span>
     <span class='ocr_line' id='line_1_31' title="bbox 174 3479 643 3545; baseline -0.006 0"><span class='ocrx_word' id='word_1_237' title='bbox 174 3499 244 3545; x_wconf 89' lang='lat' dir='ltr'><strong>esse</strong></span> <span class='ocrx_word' id='word_1_238' title='bbox 267 3479 351 3544; x_wconf 89' lang='lat' dir='ltr'><strong>inter</strong></span> <span class='ocrx_word' id='word_1_239' title='bbox 374 3497 485 3542; x_wconf 91' lang='lat' dir='ltr'><strong>omnes</strong></span> <span class='ocrx_word' id='word_1_240' title='bbox 508 3483 643 3542; x_wconf 90' lang='lat' dir='ltr'><strong>constat.</strong></span> 
     </span>
    </p>
   </div>
   <div class='ocr_carea' id='block_1_4' title="bbox 174 3576 1301 4292">
    <p class='ocr_par' dir='ltr' id='par_1_5' title="bbox 174 3576 1301 4292">
     <span class='ocr_line' id='line_1_32' title="bbox 259 3576 1297 3663; baseline -0.007 -18"><span class='ocrx_word' id='word_1_241' title='bbox 259 3583 381 3660; x_wconf 86' lang='lat' dir='ltr'><strong>Restat,</strong></span> <span class='ocrx_word' id='word_1_242' title='bbox 405 3588 447 3663; x_wconf 88' lang='lat' dir='ltr'><strong>ut,</strong></span> <span class='ocrx_word' id='word_1_243' title='bbox 470 3599 554 3662; x_wconf 89' lang='lat' dir='ltr'><strong>quae</strong></span> <span class='ocrx_word' id='word_1_244' title='bbox 577 3580 703 3661; x_wconf 87' lang='lat' dir='ltr'><strong>utrique</strong></span> <span class='ocrx_word' id='word_1_245' title='bbox 727 3579 913 3661; x_wconf 87' lang='lat' dir='ltr'><strong>recensioni,</strong></span> <span class='ocrx_word' id='word_1_246' title='bbox 935 3585 969 3642; x_wconf 92' lang='lat' dir='ltr'><strong>ut</strong></span> <span class='ocrx_word' id='word_1_247' title='bbox 992 3578 1038 3640; x_wconf 87' lang='lat' dir='ltr'><strong>ita</strong></span> <span class='ocrx_word' id='word_1_248' title='bbox 1062 3577 1173 3657; x_wconf 86' lang='lat' dir='ltr'><strong>dicam,</strong></span> <span class='ocrx_word' id='word_1_249' title='bbox 1205 3576 1297 3640; x_wconf 90' lang='lat' dir='ltr'><strong>huius</strong></span> 
     </span>
     <span class='ocr_line' id='line_1_33' title="bbox 174 3681 1299 3766; baseline -0.01 -15"><span class='ocrx_word' id='word_1_250' title='bbox 174 3685 328 3751; x_wconf 89' lang='lat' dir='ltr'><strong>orationis</strong></span> <span class='ocrx_word' id='word_1_251' title='bbox 353 3685 494 3750; x_wconf 88' lang='lat' dir='ltr'><strong>memb-ra</strong></span> <span class='ocrx_word' id='word_1_252' title='bbox 518 3683 712 3748; x_wconf 88' lang='lat' dir='ltr'><strong>vindicanda</strong></span> <span class='ocrx_word' id='word_1_253' title='bbox 736 3684 808 3766; x_wconf 86' lang='lat' dir='ltr'><strong>sint,</strong></span> <span class='ocrx_word' id='word_1_254' title='bbox 839 3682 974 3747; x_wconf 88' lang='lat' dir='ltr'><strong>breviter</strong></span> <span class='ocrx_word' id='word_1_255' title='bbox 998 3681 1199 3763; x_wconf 89' lang='lat' dir='ltr'><strong>complectar.</strong></span> <span class='ocrx_word' id='word_1_256' title='bbox 1244 3682 1299 3742; x_wconf 81' lang='lat' dir='ltr'><strong>dt-</strong></span> 
     </span>
     <span class='ocr_line' id='line_1_34' title="bbox 174 3782 1298 3873; baseline -0.009 -19"><span class='ocrx_word' id='word_1_257' title='bbox 174 3809 235 3872; x_wconf 92' lang='lat' dir='ltr'><strong>que</strong></span> <span class='ocrx_word' id='word_1_258' title='bbox 259 3789 375 3873; x_wconf 85' lang='lat' dir='ltr'><strong>prioris</strong></span> <span class='ocrx_word' id='word_1_259' title='bbox 398 3787 526 3870; x_wconf 91' lang='lat' dir='ltr'><strong>quidem</strong></span> <span class='ocrx_word' id='word_1_260' title='bbox 544 3787 769 3850; x_wconf 86' lang='lat' dir='ltr'><strong>Timocrateae</strong></span> <span class='ocrx_word' id='word_1_261' title='bbox 786 3785 1025 3849; x_wconf 89' lang='lat' dir='ltr'><strong>commentariis</strong></span> <span class='ocrx_word' id='word_1_262' title='bbox 1047 3782 1189 3847; x_wconf 89' lang='lat' dir='ltr'><strong>membra</strong></span> <span class='ocrx_word' id='word_1_263' title='bbox 1211 3783 1298 3845; x_wconf 88' lang='lat' dir='ltr'><strong>attri-</strong></span> 
     </span>
     <span class='ocr_line' id='line_1_35' title="bbox 175 3873 1298 3975; baseline -0.008 -19"><span class='ocrx_word' id='word_1_264' title='bbox 175 3893 235 3956; x_wconf 92' lang='lat' dir='ltr'><strong>buo</strong></span> <span class='ocrx_word' id='word_1_265' title='bbox 259 3891 355 3956; x_wconf 86' lang='lat' dir='ltr'><strong>haec:</strong></span> <span class='ocrx_word' id='word_1_266' title='bbox 385 3889 536 3975; x_wconf 78' lang='lat' dir='ltr'><strong>§l.—5.,</strong></span> <span class='ocrx_word' id='word_1_267' title='bbox 566 3894 593 3970; x_wconf 67' lang='grc' dir='ltr'><strong>ξ.</strong></span> <span class='ocrx_word' id='word_1_268' title='bbox 610 3892 710 3954; x_wconf 81' lang='grc'>6.-9.</span> <span class='ocrx_word' id='word_1_269' title='bbox 742 3884 882 3972; x_wconf 79' lang='grc' dir='ltr'>(τοῦτόν</span> <span class='ocrx_word' id='word_1_270' title='bbox 912 3911 947 3951; x_wconf 79' lang='grc' dir='ltr'><strong>τε</strong></span> <span class='ocrx_word' id='word_1_271' title='bbox 979 3892 1105 3951; x_wconf 75' lang='grc' dir='ltr'><em>παθεῖν</em></span> <span class='ocrx_word' id='word_1_272' title='bbox 1133 3873 1182 3948; x_wconf 74' lang='lat' dir='ltr'><strong>uir</strong></span> <span class='ocrx_word' id='word_1_273' title='bbox 1210 3877 1298 3964; x_wconf 71' lang='grc' dir='ltr'><strong><em>ἄξιός</em></strong></span> 
     </span>
     <span class='ocr_line' id='line_1_36' title="bbox 175 3981 1300 4082; baseline -0.006 -22"><span class='ocrx_word' id='word_1_274' title='bbox 175 3996 278 4082; x_wconf 80' lang='grc' dir='ltr'>ἐστιν)</span> <span class='ocrx_word' id='word_1_275' title='bbox 308 3994 394 4080; x_wconf 73' lang='lat' dir='ltr'><strong>§tu</strong></span> <span class='ocrx_word' id='word_1_276' title='bbox 424 3994 473 4079; x_wconf 77' lang='grc' dir='ltr'><strong>(ἐξ</strong></span> <span class='ocrx_word' id='word_1_277' title='bbox 505 3986 605 4080; x_wconf 80' lang='grc' dir='ltr'><em>ἀρχῆς</em></span> <span class='ocrx_word' id='word_1_278' title='bbox 634 3981 697 4057; x_wconf 82' lang='grc' dir='ltr'><strong>οὖν</strong></span> <span class='ocrx_word' id='word_1_279' title='bbox 719 3994 755 4058; x_wconf 77' lang='grc' dir='ltr'><strong>ἐν</strong></span> <span class='ocrx_word' id='word_1_280' title='bbox 778 3991 924 4075; x_wconf 76' lang='grc' dir='ltr'><em>βραχέσι)</em></span> <span class='ocrx_word' id='word_1_281' title='bbox 957 4029 997 4038; x_wconf 86' lang='grc'><em>-</em></span> <span class='ocrx_word' id='word_1_282' title='bbox 1028 3993 1112 4072; x_wconf 64' lang='grc' dir='ltr'><strong>ξ13.</strong></span> <span class='ocrx_word' id='word_1_283' title='bbox 1136 3984 1300 4075; x_wconf 78' lang='grc' dir='ltr'><em>(ὀφείλειν</em></span> 
     </span>
     <span class='ocr_line' id='line_1_37' title="bbox 175 4092 1301 4198; baseline -0.008 -33"><span class='ocrx_word' id='word_1_284' title='bbox 175 4104 214 4183; x_wconf 75' lang='grc' dir='ltr'><strong>τῇ</strong></span> <span class='ocrx_word' id='word_1_285' title='bbox 236 4092 366 4183; x_wconf 79' lang='grc' dir='ltr'><strong>πόλει),</strong></span> <span class='ocrx_word' id='word_1_286' title='bbox 395 4101 458 4178; x_wconf 71' lang='lat' dir='ltr'><strong>§a</strong></span> <span class='ocrx_word' id='word_1_287' title='bbox 488 4098 565 4182; x_wconf 82' lang='grc' dir='ltr'><strong>(τοῦ</strong></span> <span class='ocrx_word' id='word_1_288' title='bbox 595 4097 630 4163; x_wconf 79' lang='grc' dir='ltr'><strong>δὲ</strong></span> <span class='ocrx_word' id='word_1_289' title='bbox 652 4092 859 4182; x_wconf 80' lang='grc' dir='ltr'>πράγματος)</span> <span class='ocrx_word' id='word_1_290' title='bbox 891 4131 934 4142; x_wconf 91' lang='grc'><strong>-</strong></span> <span class='ocrx_word' id='word_1_291' title='bbox 961 4094 1043 4182; x_wconf 71' lang='lat' dir='ltr'><strong>§ld</strong></span> <span class='ocrx_word' id='word_1_292' title='bbox 1075 4093 1301 4198; x_wconf 57' lang='grc' dir='ltr'><strong>(δυναίμεθα),</strong></span> 
     </span>
     <span class='ocr_line' id='line_1_38' title="bbox 176 4201 1301 4292; baseline 0 -20"><span class='ocrx_word' id='word_1_293' title='bbox 176 4227 258 4290; x_wconf 84' lang='lat' dir='ltr'><strong>quae</strong></span> <span class='ocrx_word' id='word_1_294' title='bbox 290 4207 349 4274; x_wconf 89' lang='lat' dir='ltr'><strong>hoc</strong></span> <span class='ocrx_word' id='word_1_295' title='bbox 380 4209 491 4276; x_wconf 91' lang='lat' dir='ltr'><strong>ordine</strong></span> <span class='ocrx_word' id='word_1_296' title='bbox 523 4214 649 4276; x_wconf 88' lang='lat' dir='ltr'><strong>servato</strong></span> <span class='ocrx_word' id='word_1_297' title='bbox 681 4202 878 4292; x_wconf 91' lang='lat' dir='ltr'><strong>prooemium</strong></span> <span class='ocrx_word' id='word_1_298' title='bbox 911 4201 1125 4267; x_wconf 84' lang='lat' dir='ltr'><strong>confecerunt.</strong></span> <span class='ocrx_word' id='word_1_299' title='bbox 1176 4202 1301 4272; x_wconf 79' lang='lat' dir='ltr'><strong>Deinde</strong></span> 
     </span>
    </p>
   </div>
   <div class='ocr_carea' id='block_1_5' title="bbox 0 0 1490 4824">
    <p class='ocr_par' dir='ltr' id='par_1_6' title="bbox 0 0 1490 4824">
     <span class='ocr_line' id='line_1_39' title="bbox 0 0 1490 4824; baseline 0 0"><span class='ocrx_word' id='word_1_300' title='bbox 0 0 1490 4824; x_wconf 95' lang='lat' dir='ltr'><strong> </strong></span> 
     </span>
    </p>
   </div>
  </div>
 </body>
</html>
