2954 4824
1233 368 1274 430 λδ

154 539 300 604 membris
336 557 394 604 eas
424 538 565 602 maxime
594 542 704 622 partes
739 537 919 602 aeonratius
957 536 1201 620 consideremus,
1233 555 1274 602 ex

154 641 266 724 quibus
296 641 339 706 ad
361 640 590 725 disputandum
620 641 654 705 in
683 639 765 705 hano
790 640 842 704 vel
872 640 962 704 illam
993 645 1117 722 partem
1147 639 1274 721 aliquid

154 743 301 808 utilitatis
330 743 475 826 luoisque
505 742 668 808 redundet.
721 744 827 824 Atque
858 761 929 808 oum
960 742 1003 805 ad
1033 742 1139 825 illam,
1176 761 1273 824 quam

152 844 339 928 significavi,
362 825 450 910 litem
465 844 677 910 dirimendam
701 844 832 909 maximi
855 843 1006 910 momenti
1029 845 1077 926 sit,
1100 863 1184 926 qnae
1206 864 1275 908 ora·

151 947 246 1013 tionis
283 953 389 1031 partes
417 948 450 1011 in
480 965 579 1012 eausa
609 948 837 1031 pronuntiatae
866 966 953 1029 esse,
990 966 1073 1029 quae
1109 948 1275 1029 neglectae

150 1051 291 1116 iacuisse
312 1050 489 1134 videantur,
519 1069 682 1132 quaerere,
704 1069 838 1133 cumque
861 1049 940 1115 haee
962 1050 1107 1132 quaestio
1130 1049 1275 1134 separari

149 1175 211 1218 uon
243 1152 346 1237 possit
374 1153 415 1217 ab
445 1153 512 1237 illa,
542 1159 646 1217 utrum
676 1151 788 1218 solutis
818 1153 884 1218 iam
913 1151 1060 1237 peouniis
1090 1152 1131 1216 ab
1155 1152 1275 1216 Andro

149 1255 237 1321 tione
269 1256 402 1338 eiusque
431 1255 594 1320 sodalibus
625 1253 751 1320 aerario
782 1255 897 1321 debitis
926 1276 967 1320 an
991 1275 1054 1319 non
1076 1254 1190 1320 solutis
1212 1254 1273 1318 sin-

149 1361 247 1441 gulae
270 1363 380 1441 partes
410 1358 548 1441 seriptae
570 1376 641 1422 esse
663 1357 842 1438 videantur,
864 1356 1046 1423 consociare
1074 1357 1156 1422 hano
1178 1375 1275 1439 quae·

148 1462 286 1525 stionem
310 1479 380 1524 oum
403 1478 451 1541 ea,
482 1477 579 1540 quam
606 1459 647 1526 de
669 1479 791 1525 conexu
818 1465 851 1524 et
878 1460 1047 1525 collatione
1076 1460 1274 1542 singularum

147 1564 291 1647 partium
316 1581 374 1626 nos
396 1561 597 1626 instituturus
619 1562 832 1645 promisimus,
855 1562 933 1628 utile
955 1581 1026 1628 esse
1049 1561 1184 1630 videtur.

236 1665 357 1747 Atque,
388 1669 439 1746 ut,
468 1664 553 1745 quod
582 1664 720 1749 primum
750 1669 799 1728 est
828 1663 969 1729 cuiusvis
998 1663 1167 1742 orationis,
1198 1662 1273 1728 inde

147 1767 277 1832 initium
307 1766 442 1849 fatiam,
479 1766 676 1849 prooemium
707 1767 942 1848 Timocrateae,
973 1766 1057 1849 quod
1088 1769 1128 1847 ἐξ
1152 1768 1273 1832 1.-16,

148 1870 336 1950 continetur,
366 1869 467 1933 tribus
489 1869 656 1952 partionlis
678 1874 813 1952 oonstat,
841 1889 881 1934 ex
905 1870 1022 1951 quibus
1048 1870 1152 1952 prima
1173 1888 1274 1951 usque

148 1974 193 2038 ad
217 1971 282 2058 §is
304 1972 440 2055 pertinet
462 1971 576 2053 hisque
603 1971 709 2036 verbis
732 1972 925 2037 absolvitur:
954 1968 994 2038 τὸ
1016 1973 1077 2056 μὲν
1101 1957 1164 2037 οὖν
1188 1974 1273 2056 πρᾶ-

147 2099 213 2160 γμα
237 2075 316 2159 περὶ
338 2061 380 2139 οὗ
404 2075 455 2138 δεῖ
475 2078 539 2138 νῦν
561 2068 646 2158 ὑμᾶς
667 2077 806 2158 γνῶναι,
835 2068 880 2150 ὡς
902 2072 938 2138 ἒν
961 2075 1132 2159 κεφαλαίῳ
1159 2097 1209 2150 τις
1231 2067 1273 2138 ἂν

148 2176 249 2256 sistor,
273 2167 367 2241 τοῦτ’
383 2174 482 2254 ἐστίν,
505 2195 588 2257 qnae
610 2177 709 2241 verba
731 2177 988 2242 antecedentium
1011 2178 1179 2242 verborum
1203 2195 1272 2241 sen·
1370 2177 1372 2182 ’

148 2281 285 2344 tentiam
308 2280 566 2361 compleotuntur.
610 2279 713 2343 Huius
735 2279 913 2362 particulae
936 2277 1037 2363 primo
1060 2279 1151 2343 initio
1168 2279 1273 2342 'Pimo-

149 2390 255 2448 orates
278 2381 422 2465 peouniis
444 2401 507 2445 non
531 2382 641 2464 pauois
657 2382 886 2465 rempublioam
901 2383 1031 2465 privare
1056 2383 1128 2464 lege
1143 2401 1204 2446 sua
1221 2401 1273 2446 vo-

148 2486 251 2549 luisse
273 2483 433 2548 inducitur
455 2478 647 2568 (χρημάτων
676 2474 739 2548 οὐκ
762 2475 887 2568 ὀλίγων
910 2475 1134 2568 ἀποστερῆσαι
1156 2480 1274 2565 βουλό-

147 2610 251 2671 μενος
279 2578 343 2672 τὴν
371 2577 475 2651 πόλιν
503 2582 610 2669 νόμον
641 2583 852 2670 εἰςήνεγκεν).
907 2587 1135 2669 Progrediente
1166 2595 1273 2652 autem

148 2691 296 2754 oratione
312 2688 353 2753 ‹le
369 2688 500 2753 oonsilio
517 2689 708 2770 legislatoris
729 2698 837 2753 orator·
860 2688 940 2754 haee
963 2689 1053 2754 dioit:
1076 2681 1138 2774 τὴν
1160 2677 1274 2772 ὑμετέ-

149 2814 213 2876 ραν
236 2793 354 2876 ψῆφον
377 2782 448 2856 λύει
470 2791 526 2854 καὶ
548 2802 640 2855 ποιεῖ
659 2793 723 2855 τοῦ
745 2782 886 2876 μηδενὸς
909 2781 1006 2871 ἇξὶαν
1022 2785 1040 2856 ὁ
1055 2792 1196 2856 τουτουὶ
1218 2787 1274 2856 νό-

148 2916 211 2978 μος
247 2891 302 2958 ἵνα
330 2896 401 2957 τῶν
429 2888 542 2956 πολύν
569 2888 694 2976 χρόνον
726 2891 810 2976 ὑμᾶς
844 2916 932 2969 τινες
964 2888 1274 2978 ἐκκεκαρπωμένων

149 2997 206 3060 καὶ
229 2993 348 3060 πολλὰ
367 2997 439 3060 τῶν
467 2989 638 3079 ὑμετέρων
668 2991 905 3080 διηρπακότων
931 2987 1007 3081 μηδ’
1031 2987 1274 3071 ἅκλέπτοντες

150 3101 306 3183 φανερῶς
321 3094 518 3183 ἐλήφθησαν
539 3101 760 3178 aevaeum,
784 3100 827 3164 ad
850 3119 933 3182 quae
949 3101 1091 3164 lilassius
1115 3109 1199 3164 reete
1221 3098 1274 3163 ad·

150 3210 249 3284 notat,
273 3221 313 3266 ex
330 3201 428 3282 verbi,
450 3201 535 3283 quod
551 3209 599 3266 est
621 3205 807 3284 καταθῶσι,
829 3203 932 3267 forma
948 3202 1029 3267 eiiioi
1047 3201 1274 3267 Androtionem

150 3305 284 3386 eiusque
308 3303 436 3368 sodales
459 3323 496 3368 eo
520 3309 671 3387 tempore,
701 3324 765 3386 quo
788 3303 867 3369 haeo
890 3305 1009 3388 soripta
1032 3304 1104 3387 sint,
1133 3303 1273 3369 noudum

151 3407 292 3473 solvisse·
313 3405 438 3470 aerario
469 3405 594 3470 debitas
625 3407 788 3490 pecunias,
817 3407 892 3489 quia
915 3407 999 3471 alias
1022 3414 1127 3471 orator
1155 3428 1275 3485 ,κατα-

150 3514 259 3574 θεῖενί
271 3509 447 3592 scripturus
457 3509 559 3589 inerit,
571 3527 767 3590 quamquam
783 3509 962 3593 praesentis
978 3508 1129 3594 temporis
1144 3509 1275 3591 formae,

151 3632 235 3694 qnae
258 3618 331 3675 sunt
347 3606 419 3676 λύει
433 3617 466 3676 et
480 3623 581 3690 ποιεῖ,
604 3612 807 3678 anteoedant.
835 3613 933 3678 Cuius
949 3612 994 3677 rei
1010 3611 1205 3678 simillimum
1222 3631 1274 3676 ex-

150 3714 290 3798 emplum
322 3713 409 3796 apud
432 3713 681 3778 Demosthenem
704 3733 725 3777 a
747 3714 912 3798 Kruegero
935 3713 1145 3796 grammatino
1166 3715 1276 3778 inven-

150 3822 215 3880 tum
248 3821 297 3880 est
321 3813 395 3879 hoo:
425 3817 553 3880 τοῦτον
573 3811 636 3881 τὸν
663 3808 795 3900 τρόπον
826 3813 889 3900 ἔχει
919 3810 938 3880 ὁ
968 3812 1085 3900 νόμος,
1114 3812 1167 3880 ἵνα
1197 3806 1274 3901 μηδ’

150 3916 404 4003 ἐξαπατηθῆναι
433 3918 565 4001 γένοιτο
596 3914 651 3982 ἐπὶ
681 3921 730 4002 τῴ
762 3914 863 4002 δήμῳ.
908 3919 1020 4000 Neque
1049 3937 1123 3982 vero
1147 3937 1188 3982 ex
1218 3917 1273 3982 illo

150 4020 218 4086 looo
241 4019 385 4100 oiboitur,
408 4029 513 4084 utrum
535 4020 615 4084 nihil
638 4020 766 4084 omnino
789 4021 995 4103 pecuniarum
1025 4020 1206 4084 debitarum
1228 4021 1272 4084 rei

151 4123 313 4204 solverint,
336 4142 379 4186 an
402 4121 600 4205 simplicibus
622 4122 688 4186 iam
712 4123 825 4186 solutis
847 4123 991 4206 peouniis
1018 4123 1199 4207 duplicatas
1221 4122 1274 4188 de·

152 4225 364 4308 ouplatasqne
379 4223 630 4288 multatioiarum
650 4225 778 4290 nomine
794 4225 890 4290 etiam
908 4231 973 4288 tum
990 4223 1163 4291 debuerint.
1200 4224 1275 4307 Sed,
