2998 4826
717 206 756 264 29

146 387 322 449 orationem
343 388 457 463 habuit,
486 409 587 450 omnes
608 388 827 450 criminationes
848 410 885 450 ex
906 387 1063 452 Aeschinis
1085 411 1134 452 ora
1155 396 1317 472 perceptas,

147 511 363 572 quascumque
384 491 658 553 commemoratione
679 491 784 570 dignas
806 493 934 572 putabat
955 513 1030 566 esse,
1057 493 1089 553 in
1111 491 1248 555 chartula
1268 489 1318 554 vel

150 594 196 655 ad
220 593 344 656 verbum
365 594 413 656 vel
443 594 613 655 summatim
636 594 833 656 conscriberet
842 595 871 677 1).
914 595 962 656 Ea
989 604 1101 671 autem,
1132 617 1210 676 quae
1235 594 1318 655 hunc

149 696 186 756 in
211 697 332 758 modum
354 703 439 758 erant
459 704 576 770 notata,
608 705 724 776 poterat
744 697 959 759 Demosthenes
985 697 1037 759 illo
1063 707 1205 778 tempore,
1237 695 1317 778 quod

149 799 235 861 inter
254 799 412 861 Aeschinis
427 799 579 879 ipsiusque
592 799 801 860 Demosthenis
819 800 964 862 orationes
986 800 1194 875 intercedebat
1217 817 1317 861 secum

149 912 295 984 reputare
317 912 347 964 et
367 902 398 961 in
413 901 546 962 ordinem
558 901 696 980 redigere.
740 901 799 963 Sed
821 911 889 982 post
910 902 1012 964 iudicii
1034 903 1120 978 diem,
1143 902 1237 977 credo,
1258 903 1318 963 De·

150 1006 332 1079 mosthenes,
355 1025 423 1065 cum
445 1003 615 1077 orationem,
641 1003 671 1063 id
694 1003 773 1082 quod
793 1005 825 1064 in
847 1006 933 1068 tertio
955 1006 1050 1087 gradu
1072 989 1242 1087 ponehdum
1264 1012 1317 1078 est,

151 1109 188 1168 in
210 1107 365 1189 publicum
388 1106 474 1168 edere
495 1104 594 1179 vellet,
617 1126 652 1166 ea
674 1107 826 1168 occasione
848 1109 891 1170 ita
919 1131 991 1170 usus
1019 1118 1075 1183 est,
1102 1115 1148 1182 ut,
1176 1107 1318 1187 quoniam

151 1218 382 1271 monumentum
398 1230 464 1270 aere
485 1207 643 1288 perennius
654 1211 676 1289 ²)
700 1229 718 1269 a
732 1229 763 1271 se
777 1210 856 1290 exigi
870 1211 1063 1291 intelligebat,
1086 1211 1122 1272 de
1141 1209 1318 1290 gravissima

156 1321 244 1392 parte
265 1333 362 1373 rerum
384 1311 503 1392 publice
525 1331 544 1371 a
565 1331 596 1371 se
617 1319 774 1390 gestarum,
796 1313 815 1374 i.
837 1334 861 1375 e.
883 1314 1020 1376 debello
1042 1310 1257 1394 Amphissensi,
1285 1310 1317 1371 in

159 1415 325 1475 enarrando
346 1413 420 1475 nihil
440 1412 548 1492 reliqui
569 1412 667 1475 facere
688 1425 857 1490 conaretur,
887 1416 918 1477 id
940 1417 1020 1497 quod
1045 1437 1079 1478 eo
1107 1413 1226 1476 facilius
1254 1412 1317 1474 fieri

159 1525 287 1596 poterat,
317 1516 396 1596 quod
416 1536 476 1576 non
496 1524 558 1576 tam
581 1515 653 1577 artis
674 1515 784 1577 finibus
809 1519 939 1580 scribens
968 1518 1195 1600 impediebatur,
1225 1535 1317 1596 quam

161 1620 231 1681 artis
253 1619 393 1698 temporis
413 1617 521 1679 finibus
550 1618 613 1680 eius
642 1619 736 1679 oratio
763 1619 795 1679 in
825 1619 934 1683 iudicio
961 1620 1061 1684 fuerat
1088 1617 1317 1699 circumscripta.

159 1720 289 1783 Videtur
309 1722 401 1801 igitur
421 1721 487 1801 ipsa
508 1721 550 1782 rei
572 1730 681 1782 natura
700 1721 757 1783 hoc
777 1720 888 1798 tulisse,
910 1731 945 1786 ut
965 1723 1180 1785 Demosthenes
1205 1721 1237 1781 in
1263 1719 1316 1781 illo

160 1823 285 1904 scriptae
307 1823 447 1884 orationis
473 1822 622 1903 exemplo,
656 1825 735 1904 quod
763 1825 891 1904 primum
919 1825 1045 1906 gradum
1074 1824 1201 1898 obtinet,
1230 1823 1316 1885 certis

157 1925 229 1987 locis
250 1925 407 2006 permulta,
430 1946 507 2004 quae
528 1925 657 2005 putabat
678 1927 817 1989 addenda
839 1929 943 2009 asael),
965 1927 1013 1989 vel
1034 1927 1073 1988 ad
1088 1927 1251 2007 marginem
1266 1925 1317 1986 ad·

156 2029 298 2090 scriberet
318 2028 368 2090 val
389 2028 421 2087 in
441 2027 566 2107 singulis
587 2029 703 2090 schedis
724 2051 824 2092 recens
851 2029 997 2092 volumini
1025 2050 1078 2092 suo
1107 2029 1206 2090 affixis
1228 2048 1317 2108 expo-

158 2134 281 2212 neret4).
325 2131 432 2211 Itaque
452 2131 552 2210 potuit
572 2130 646 2206 fieri,
675 2141 710 2193 ut
729 2132 811 2193 haud
833 2152 944 2212 pauca,
972 2153 1050 2212 quae
1077 2140 1145 2195 ante
1173 2131 1316 2192 iudicium

158 2233 190 2293 in
211 2234 372 2295 orationem
393 2237 550 2313 receperat
573 2242 676 2312 postea
697 2234 798 2315 aliquo
813 2233 900 2296 modo
914 2235 1041 2298 iteraret
1073 2234 1202 2295 Duabus
1216 2240 1316 2294 autem

160 2335 264 2409 causis,
278 2335 335 2396 nisi
345 2335 441 2410 fallor,
454 2335 624 2397 etiamnunc
634 2344 758 2417 apparet
766 2337 997 2399 Demosthenem
1008 2358 1073 2400 eam
1085 2345 1200 2418 partem
1212 2333 1315 2415 operis,

160 2436 289 2516 quaein
310 2437 394 2499 tertio
415 2439 510 2519 gradu
531 2438 669 2517 ponenda
685 2448 737 2513 est,
761 2439 799 2500 ad
819 2439 908 2501 finem
930 2461 990 2502 non
1009 2439 1189 2521 perduxisse.
1225 2437 1316 2498 Nunc

158 2539 238 2600 enim
266 2559 320 2600 nec
340 2539 409 2601 vola
430 2560 485 2601 uec
507 2540 664 2619 vestigium
685 2541 749 2603 τῶν
771 2532 928 2628 Σειρήνων
937 2544 960 2626 ⁶)
982 2543 1063 2623 apud
1084 2540 1315 2603 Demosthenem

157 2641 308 2704 invenitur
329 2650 359 2703 et
379 2642 496 2704 silentio
517 2643 762 2723 praetermittitur
781 2644 821 2719 id,
848 2644 928 2725 quod
949 2645 1147 2727 Auchmesfl)
1169 2641 1315 2705 derebus

225 2954 249 3021 1)
267 2953 310 3007 Εο
328 2952 412 3006 modo
430 2951 523 3020 potuit
535 2949 605 3018 fieri,
625 2955 656 3004 nt
669 2951 805 3020 quaedam
816 2954 910 3014 verba,
929 2953 1021 3021 qualia
1033 2953 1185 3008 Aeschines
1198 2952 1316 3023 scripse-

157 3045 217 3108 rat,
248 3041 317 3094 talia
341 3040 416 3108 apud
439 3040 516 3093 Deru.
547 3039 751 3104 invenirentur,
780 3040 867 3094 veluti
888 3041 966 3094 Dem.
995 3043 1027 3095 18
1051 3040 1067 3112 ξ
1094 3044 1143 3096 127
1166 3035 1187 3092 cl
1210 3045 1248 3112 γῆ
1269 3044 1316 3094 καὶ

156 3123 213 3194 ἥλιε
229 3130 275 3180 καὶ
293 3125 381 3198 ἀρετή,
401 3127 437 3182 of.
457 3126 555 3184 Aesch.
571 3124 688 3195 3§260.
718 3126 845 3182 Ceterum
863 3129 1020 3197 putaverim
1038 3129 1122 3183 etiam
1140 3130 1314 3196 Aeschinem,

157 3216 221 3269 dum
240 3216 438 3270 Demosthenes
458 3214 583 3278 dicebat,
607 3215 740 3268 assedisse
758 3233 813 3269 non
839 3215 1022 3282 desidiosum,
1046 3217 1096 3271 sad
1121 3233 1154 3270 ea
1176 3218 1262 3271 verba
1281 3233 1316 3270 ex

157 3303 308 3357 adversarii
332 3304 457 3357 oratione
483 3305 617 3370 percepta
640 3303 669 3355 in
696 3303 850 3357 chartulam
874 3321 952 3357 suam
976 3305 1139 3372 coniecisse,
1164 3321 1234 3372 quae
1258 3305 1316 3358 sive

156 3392 252 3445 eodem
274 3391 318 3445 die
336 3392 393 3445 sive
411 3395 524 3459 postero
544 3393 678 3457 tempore,
703 3391 759 3444 sive
778 3408 829 3459 per
847 3407 1000 3445 sennonem
1018 3392 1076 3446 sive
1093 3391 1182 3446 literis
1199 3409 1280 3461 posse
1298 3409 1316 3446 a

156 3497 216 3533 sese
240 3478 330 3532 refelli
355 3480 555 3533 arbitrabatur.
594 3476 635 3532 cf.
662 3495 685 3530 e.
710 3495 734 3530 c.
760 3477 794 3531 de
819 3477 1008 3532 Philammone
1033 3484 1061 3533 et
1086 3479 1190 3534 Glauco
1215 3480 1314 3534 Aesch.

124 3589 126 3592 ·
156 3568 275 3632 uulsa
293 3571 321 3620 et
339 3566 417 3620 Dem.
436 3569 468 3620 18
487 3566 501 3637 §
520 3568 579 3620 319.
652 3567 680 3634 2)
700 3564 739 3621 cf.
765 3566 849 3619 etiam
873 3565 951 3619 Dem.
973 3567 1004 3619 18
1025 3567 1041 3637 ᾗ
1060 3566 1110 3619 231
1135 3563 1184 3618 τὸν
1205 3563 1316 3621 ἅπαντα

153 3650 257 3725 χρόνον
273 3649 526 3724 μνημονευθήσεται
545 3658 573 3707 et
585 3654 665 3707 Dion.
677 3653 749 3719 Hal,
770 3652 803 3706 de
817 3652 888 3706 adm.
901 3653 929 3706 vi
942 3653 1027 3720 Dem,
1047 3656 1088 3723 51,
1107 3673 1135 3725 p.
1150 3658 1225 3724 1114,
1243 3674 1282 3710 vs.
1300 3660 1313 3711 1

157 3749 185 3798 et
208 3747 225 3797 2
248 3742 281 3797 R.
312 3739 477 3811 βουλόμενον
503 3745 623 3812 μνημεῖα
649 3743 697 3807 τῆς
723 3740 820 3793 ἑαυτοῦ
846 3738 969 3798 διανοίας
995 3737 1122 3794 ἀθάνατα
1148 3746 1314 3800 καταλιπεῖν.

156 3833 183 3900 3)
203 3831 304 3886 Similis
323 3834 364 3884 est
388 3846 420 3884 ea
437 3831 517 3897 ratio,
538 3829 572 3882 de
591 3847 645 3897 qua
669 3829 738 3883 dixit
756 3828 991 3895 Wilamowitzius,
1012 3847 1059 3883 aur
1071 3830 1227 3901 Kydathen,
1246 3849 1274 3909 p.
1291 3835 1314 3902 1,

155 3919 236 3972 Anm.
274 3917 314 3971 cf.
333 3918 416 3971 etiam
429 3935 469 3984 ea,
488 3934 558 3986 quae
570 3916 766 3970 Humboldtius
778 3916 828 3968 sub
847 3916 956 3969 initium
969 3915 1063 3972 Kosmi
1076 3921 1314 3974 commemoravit:

155 4003 365 4074 „Vorgetragen
379 4045 418 4059 ...
432 4005 559 4058 Mehrere
572 4005 808 4073 Einschaltungen
818 4004 940 4072 gehoren
951 4005 1026 4058 einer
1038 4008 1168 4074 spiteren
1177 4007 1240 4062 Zait
1252 4009 1314 4061 an“.

154 4093 185 4163 4)
202 4094 317 4147 Poterat
336 4092 472 4146 asteriscis
491 4092 534 4146 vel
553 4093 612 4147 aliis
625 4092 709 4160 signis
723 4091 863 4158 denotare,
882 4107 935 4159 quo
954 4091 1074 4160 quidque
1092 4093 1152 4148 loco
1171 4097 1315 4164 oporteret

155 4181 276 4234 orationi
294 4180 385 4234 inseri.
457 4179 483 4248 h)
502 4179 601 4234 Aesch.
622 4183 637 4234 3
657 4179 672 4249 ξ
691 4182 750 4233 228.
822 4180 852 4248 6)
872 4176 888 4247 §
907 4179 940 4232 55
959 4183 987 4233 et
1005 4177 1038 4249 ἓξ
1058 4183 1107 4234 159
1126 4199 1150 4236 e.
1169 4199 1195 4250 q.
1214 4199 1235 4237 ι.
