2998 4826
605 365 780 438 accc

104 529 239 614 aiterum,
258 529 410 601 Passionem
429 543 485 600 noir
505 533 582 614 inrpi
600 544 678 600 lucro
697 542 831 612 inhiasse,
857 521 908 598 sed
927 521 1048 612 pioimm
1072 522 1161 597 virum
1179 525 1281 614 inisse}

104 650 164 707 hoc
183 652 248 707 inde
273 668 359 722 posse
384 653 534 722 cognosci,
560 651 637 722 quod
662 651 749 705 multa
768 648 908 705 beneficia
925 649 954 703 in
973 649 1033 704 rani¹
1052 641 1197 718 publicam
1216 666 1281 706 con·

105 759 206 814 tulerit
219 760 353 829 quodque
367 759 514 830 Callippus
533 758 595 828 ipse
609 758 635 813 ei
653 763 686 812 nt
698 758 789 826 probo
803 757 907 812 homini
920 756 1127 812 iusiurandum
1146 755 1282 812 obtulerit

105 866 152 936 (33
181 865 307 935 26—2ip
347 863 428 932 Quod
457 865 542 921 etiam
563 863 709 933 Callippus
737 849 859 934 dixerat·
886 861 1084 919 Phormionem
1113 863 1219 932 aliquid
1244 843 1282 917 de'

101 973 231 1041 pecunia
250 973 447 1029 intervertisse
467 973 493 1043 (3
511 972 566 1041 29),
585 969 614 1026 id
633 963 761 1026 reiuiare
780 975 877 1026 orator
895 963 1031 1040 neglexit.

181 1047 253 1134 Tirm
272 1093 338 1136 reus
357 1067 568 1136 Archebiadem
586 1077 651 1133 falsi
670 1078 823 1134 testimonii
842 1084 980 1148 arguerat
1005 1080 1031 1152 (3
1049 1080 1104 1148 28)·
1142 1078 1230 1143 Quem
1248 1065 1282 1131 ni

104 1177 259 1257 defendat,
279 1193 376 1243 orator
397 1186 467 1241 dicit
485 1193 579 1254 neque
599 1200 672 1255 esse,
692 1201 741 1240 cur
759 1174 958 1242 Archebiades
976 1186 1004 1240 in
1025 1185 1114 1240 virum
1133 1189 1281 1254 potentem

100 1292 237 1366 inquilini
249 1296 386 1366 pauperis
400 1293 494 1364 gratia
507 1289 580 1347 salsa
595 1296 718 1346 testatus
735 1292 773 1346 sit
793 1285 836 1362 (33
849 1285 974 1362 28-29),
993 1309 1086 1363 neque
1104 1292 1182 1346 illurn
1196 1291 1281 1347 sarens

103 1421 179 1473 esse,
200 1396 249 1473 qui
268 1401 332 1458 falsi
352 1401 506 1456 testimonii
525 1404 676 1454 accusatus
695 1399 874 1468 peieraturns
893 1396 979 1453 inerit
998 1399 1066 1470 (ib.).

197 1505 326 1566 Arbitrio
346 1509 470 1578 donique
489 1497 645 1578 Ly'sithidis
664 1505 755 1561 frctus
776 1505 922 1576 Callippus
941 1497 1147 1576 Apollodorum
1165 1512 1281 1562 accusas

99 1623 189 1676 verat
203 1617 248 1688 (33
263 1613 388 1688 30-31).
418 1610 500 1681 Quod
514 1612 660 1670 arbitrium
673 1616 828 1682 propterea
842 1611 920 1666 nihili
933 1610 1094 1667 iaciendum
1108 1630 1171 1670 osse
1185 1620 1281 1670 orator

102 1723 268 1794 contendit,
286 1720 364 1794 qnod
383 1723 419 1780 ab
440 1719 547 1778 arbitro
567 1720 689 1775 iniurato
709 1718 924 1788 pronuntiatum
942 1719 980 1774 sit
999 1719 1067 1790 (ihr).

197 1831 277 1885 Haec
296 1829 362 1884 mihi
381 1829 444 1884 visa
464 1833 531 1883 sunt
543 1811 665 1882 dicenda
679 1841 743 1882 esse
757 1825 793 1881 de
810 1826 1057 1896 argumentatione
1071 1827 1207 1882 orationis
1220 1829 1280 1884 LII.

199 1938 297 1992 Pauca
316 1936 405 1992 verba
424 1934 521 1991 licebit
539 1932 635 1990 iacere

353 2169 383 2232 9.
418 2165 466 2231 De
489 2167 763 2251 argumentatione
787 2165 938 2230 orationis
960 2164 1045 2231 mir.

198 2342 332 2399 Oratione
353 2341 491 2397 adversus
510 2341 703 2396 Nicostratum
722 2339 821 2395 habita
841 2340 1034 2410 Apollodorus
1057 2341 1183 2414 inim-ias,
1208 2359 1280 2416 quas

106 2452 135 2507 ci
152 2448 326 2505 Arethusius
346 2453 376 2503 et
394 2447 573 2502 Nicostratus
591 2445 756 2515 intulerant,
780 2445 936 2502 ulciscendi
958 2463 1045 2502 causa
1065 2449 1091 2519 (3
1110 2450 1138 2518 2)
1166 2449 1268 2506 demon

103 2561 253 2612 straturus
268 2560 320 2624 est,
340 2555 412 2609 duos
431 2569 539 2622 servos,
556 2552 617 2608 sive
636 2551 710 2607 iilius
730 2551 790 2607 sive
808 2551 891 2608 huius
910 2558 984 2623 sunt,
1006 2555 1048 2610 rei
1066 2554 1198 2624 publicae
1218 2572 1281 2614 esse

103 2667 150 2732 (33
170 2662 327 2732 26-98)1).
366 2659 447 2726 Quod
468 2665 499 2714 ut
518 2657 633 2728 efficiat,
658 2658 778 2728 primum
804 2658 918 2728 quidem
938 2659 1060 2729 probare
1086 2661 1184 2718 studet
1209 2662 1281 2719 duos

103 2769 171 2824 illos
191 2783 291 2822 servos
309 2783 366 2824 non
385 2765 549 2835 Nicostrati,
569 2764 620 2819 sed
639 2763 785 2819 Arethusii
810 2779 889 2836 esse3
916 2771 946 2820 et
963 2771 1041 2820 recte
1061 2765 1190 2840 quidem3
1215 2784 1280 2823 narn

105 2874 258 2931 Arethusii
284 2874 361 2929 bona
389 2871 536 2942 publicata
562 2876 645 2926 erant
670 2871 695 2942 (3
714 2872 769 2939 26).
807 2869 962 2926 Confirmat
992 2877 1087 2928 antem
1112 2873 1282 2929 testimoniis

105 2983 229 3054 primum
251 2979 408 3035 Cerdonem
428 2995 541 3033 servam
560 2977 616 3032 iam
635 2993 755 3047 puerum
774 2977 920 3032 Arethusii
940 2977 1027 3034 fnisse
1048 2980 1074 3051 (3
1094 2981 1153 3051 19),
1177 2980 1281 3038 deinde

107 3087 295 3146 Arethusium
317 3085 452 3142 ‘Cerdone
478 3085 514 3139 ab
541 3083 635 3153 aliquo
661 3083 803 3139 conducto
829 3084 976 3140 mercedes
1002 3086 1137 3156 adeptum
1164 3104 1227 3145 esse
1253 3093 1283 3145 et

108 3195 215 3251 delicto
236 3209 253 3248 a
273 3192 362 3247 servis
383 3191 530 3246 commisso
549 3206 672 3260 poenam
693 3195 722 3246 et
740 3191 855 3246 dedisse
876 3197 905 3246 et
923 3193 1078 3262 sumpsisse
1098 3195 1123 3264 (3
1141 3195 1196 3265 20),
1222 3200 1281 3249 tum

107 3303 222 3358 Manem
242 3315 354 3355 servum
375 3296 530 3352 Arethusio
549 3313 601 3366 pro
621 3297 726 3352 debitis
752 3298 788 3352 ab
808 3298 1000 3369 Archepolide
1027 3316 1192 3356 concessum
1218 3317 1282 3357 esse

108 3410 136 3480 (3
154 3409 211 3477 20),
237 3423 322 3477 porro
344 3404 528 3461 Arethusium
554 3420 654 3460 servos
679 3405 820 3460 iocantem
847 3422 943 3461 eorum
968 3407 1031 3462 loco
1057 3407 1281 3478 redemptionem

107 3517 277 3586 stipulatum
294 3529 357 3568 esse
384 3513 410 3583 (3
429 3512 484 3581 al),
511 3511 634 3582 denique
659 3528 752 3582 neque
772 3512 955 3568 Arethusium
978 3530 1071 3584 neque
1090 3515 1282 3570 Nicostratum

108 3639 195 3678 ausos
215 3636 279 3676 cssc
299 3635 398 3674 servos
418 3617 456 3672 ad
475 3623 617 3672 tormenta
636 3634 732 3673 coram
752 3619 923 3688 magistratu
940 3621 1079 3690 praehere
1100 3619 1142 3691 (33
1155 3622 1282 3691 22-25).

199 3727 310 3782 Deinde
329 3732 426 3781 orator
445 3724 637 3794 paragraphis
649 3727 684 3780 26
698 3732 727 3781 et
740 3727 776 3780 27
795 3726 858 3782 ilios
875 3743 982 3796 servos,
1002 3727 1113 3782 etiamsi
1125 3726 1283 3782 Nicostrati

109 3842 215 3904 essent,
242 3833 396 3888 secundom
417 3833 498 3901 leges
517 3832 691 3901 reipublicae
714 3832 827 3888 deberi:
853 3833 928 3888 hunc
947 3833 1020 3920 enim
1039 3834 1199 3904 pecuniam,
1226 3850 1282 3904 qua

108 3973 322 3981 -..-—----—

199 4050 221 4118 1)
241 4048 282 4105 of.
303 4049 338 4109 A.
359 4045 502 4104 Schaei'er.
522 4047 539 4103 i.
561 4047 577 4102 l.
597 4063 686 4117 pagg.
706 4047 758 4101 143
777 4063 887 4116 proxx.,
906 4047 1051 4116 Lortzing.
1071 4049 1088 4108 1.
1108 4048 1125 4102 i.
1144 4065 1234 4117 pagg.
1249 4050 1282 4104 10

110 4146 140 4194 et
157 4140 202 4209 43,
227 4138 341 4196 Darest.
361 4138 378 4198 i.
399 4139 417 4196 l.
437 4137 473 4206 ΙΙ,
498 4152 589 4206 pagg.
609 4137 660 4191 187
679 4151 789 4207 prou„
815 4135 905 4190 Biass.
925 4135 942 4190 1.
962 4136 979 4190 Ι.
999 4153 1088 4206 pagg.
1107 4137 1160 4192 459
1181 4153 1280 4206 proxx.

143 4264 219 4308 Uhle,
233 4263 380 4314 Quaesticncs.
1104 4243 1122 4298 3
