2998 4826
763 253 781 310 6

194 431 309 510 λοντας
341 426 495 520 ὑπάρχειν
527 423 676 509 ἅπαντας
710 425 861 514 ἑτοίμως,
895 423 940 507 ὡς
969 424 1152 514 ἐγνωκότων
1183 423 1273 513 ὑμῶν
1301 429 1358 496 καὶ

195 531 437 618 πεπεισμένων,
470 531 619 618 παύομαι
649 529 757 618 λέγων.
806 533 951 596 Attamen
980 536 1011 596 in
1039 537 1141 597 eadem
1165 536 1297 596 oratione
1319 535 1359 596 ad

194 639 318 700 eandem
339 661 401 700 rem
423 661 566 719 reversus,
589 661 607 700 a
629 659 690 718 qua
704 639 962 699 commemoranda
983 638 1123 699 desistere
1145 659 1176 699 se
1197 638 1277 717 dicit,
1299 638 1359 698 De·

194 741 361 803 mosthenes
384 744 486 804 multis
507 743 579 803 locis
601 741 725 820 exponit
745 761 846 801 omnes
868 739 1066 800 Athenienses
1088 740 1195 801 debere
1217 740 1358 820 reipubli-

195 865 247 905 cae
270 844 372 905 adesse
393 853 496 906 contra
516 845 631 905 hostem
653 842 766 904 bellum
788 842 947 902 facientem
961 841 1123 921 multisque
1144 842 1243 904 verbis
1265 842 1359 917 docet,

196 967 249 1007 cur
269 946 498 1008 Atheniensium
520 946 726 1025 unusquisque
747 945 778 1004 id
800 944 908 1024 debeat
928 943 1034 1006 facere.
1072 945 1211 1024 Longum
1233 953 1278 1006 est
1299 967 1360 1006 om·

196 1069 248 1108 nes
271 1049 415 1110 eiusmodi
436 1050 515 1111 locos
538 1068 718 1110 enumerare.
750 1045 907 1107 Nonnulla
929 1046 1020 1124 igitur
1042 1067 1167 1126 excerpo
1190 1047 1292 1108 exeis
1315 1054 1360 1123 ἐξ,

197 1171 274 1230 quae
295 1152 364 1212 iude
386 1173 404 1212 a
427 1157 442 1226 ξ
467 1153 506 1212 39
531 1145 645 1230 positae
674 1157 752 1210 sunt.
804 1155 819 1223 ᾗ
849 1153 888 1209 39
917 1137 1036 1222 αὐτοὺς
1066 1143 1256 1231 ἔμπροσθεν
1277 1139 1361 1212 εἶναι

197 1251 261 1314 τῶν
282 1247 490 1336 πραγμάτων.
535 1260 550 1329 5
574 1255 613 1312 41
638 1251 741 1313 ταῦτα
763 1240 789 1312 d
814 1242 895 1325 ἰ’σως
922 1239 1084 1332 πρότερονΙ
1104 1247 1162 1330 μέν
1191 1247 1275 1336 ἐνῆν·
1308 1251 1363 1314 νῦν

198 1346 227 1417 d’
253 1347 307 1416 ἐπ’
333 1347 433 1442 αὐτήν
453 1343 525 1439 ήκει
548 1348 602 1439 τήν
624 1343 738 1438 ἀκμήν,
761 1343 835 1415 ὥστ)
861 1341 961 1414 οὐκέτ>
988 1347 1125 1435 ἐγχωρεῖ.
1171 1361 1205 1430 ἕξ
1222 1359 1262 1416 43
1276 1364 1306 1416 et
1320 1358 1362 1416 44

198 1446 267 1519 εἶτα
289 1447 374 1520 τοῦτ’
398 1448 615 1536 ἀναμενοῦμεν
638 1452 704 1530 καὶ,
726 1448 866 1540 τριήρεις
895 1448 987 1529 κενὰς
1016 1451 1072 1516 καί
1099 1450 1158 1531 τὰς
1187 1451 1279 1539 παροὶ
1303 1457 1363 1518 τοῦ

200 1556 303 1634 δεῖνος
324 1553 462 1635 ἐλπίδας
484 1554 539 1621 ἐὰν
563 1549 790 1642 ἀποστείλητε,
815 1546 908 1617 πάντ’
934 1547 1016 1634 ἐχειν
1031 1548 1145 1620 οἴεσθε
1159 1555 1281 1635 καλῶςς
1304 1549 1363 1621 οὐκ

200 1653 429 1744 ἐμβησόμεθα,
452 1653 511 1723 οὐκ
534 1655 639 1739 ἔξιμεν
659 1650 754 1722 αὐτοὶ
770 1654 859 1742 μέρει
881 1653 917 1740 χέ
937 1679 1000 1719 τινι
1017 1660 1222 1741 στρατιωτῶν
1237 1653 1364 1722 οἰκείων

200 1761 262 1839 νῦν,
285 1756 314 1825 εὶ
336 1758 391 1824 καί
413 1757 458 1849 μή
475 1755 631 1845 πρότερον
649 1763 687 1840 1),
709 1771 740 1822 et
760 1751 799 1822 th
819 1755 928 1838 μέντοι
944 1753 1118 1841 καθώμεθ’
1150 1754 1235 1825 οἴκοι
1258 1759 1365 1824 λοιδο-

201 1860 361 1944 ρουμένων
383 1856 555 1939 ἀκούοντες
576 1861 630 1926 καί
647 1857 846 1941 αἰτιωμένων
861 1853 1018 1948 ἀλλήλους
1039 1863 1103 1926 τῶν
1126 1858 1288 1945 λεγόντων,
1311 1854 1365 1927 οὗ·

202 1957 316 2029 δέποτ’
342 1959 434 2030 οὐδὲν
454 1957 533 2052 ήμῖν
562 1961 606 2050 μή
629 1961 754 2050 γένηται
784 1965 848 2026 τῶν
870 1958 1013 2028 δεόντων.
1060 1975 1075 2043 ξ
1099 1971 1139 2029 45
1169 1955 1250 2029 ὅποι
1273 1958 1301 2028 d'
1326 1957 1365 2030 ἐῖν

202 2062 377 2152 στρατηγὸν
398 2064 453 2130 καί
477 2061 635 2153 ψήφισμα
657 2062 745 2130 κενὸν
767 2062 822 2129 καὶ
845 2061 903 2142 τὰς
924 2058 998 2130 ἀπὸ
1026 2068 1082 2132 τοῦ
1103 2062 1247 2153 βήματος
1270 2062 1365 2130 ἐλπί-

202 2167 260 2245 δας
282 2165 489 2256 ἐκπέμψητε,
517 2161 609 2232 οὐδέν
635 2159 711 2249 ὑμῖν
739 2169 802 2231 τῶν
824 2160 961 2231 δεόντων
995 2165 1144 2252 γίγνεται.
1190 2177 1205 2245 ξ
1229 2173 1269 2232 47
1294 2171 1367 2247 πῶς

206 2255 261 2335 οὖν
275 2271 378 2334 ταῦτα
393 2265 574 2349 παύσεταις
598 2279 612 2348 ς
631 2275 669 2334 50
695 2261 731 2333 οὗ
755 2265 822 2353 γὰρ,
839 2259 921 2332 ἅττα
939 2264 1013 2334 ποτ’
1030 2267 1130 2347 ἔσται,
1153 2269 1202 2333 δεῖ
1217 2273 1364 2349 σκοπεῖν,

205 2364 274 2436 οἰλλ>
299 2362 348 2437 ὅτι
371 2365 477 2458 φαῦλ’,
509 2366 548 2436 dv
580 2370 624 2461 μή
648 2371 826 2459 προσέχητε
852 2375 921 2449 τοῖς
944 2373 1113 2458 πρᾶχμασι
1135 2368 1192 2436 τὸν
1214 2373 1288 2434 νοῦν
1309 2370 1366 2436 καὶ

204 2470 244 2537 τὰ
266 2468 472 2562 προσήκοντα
494 2477 604 2540 ποιεῖν
632 2467 770 2562 ἐθέληέ,
802 2459 836 2538 εί)
867 2469 995 2538 εἰδέναι.
1050 2476 1188 2556 Denique
1218 2483 1282 2536 tota
1311 2476 1367 2536 illa

202 2578 343 2639 orationis
364 2588 456 2658 parte,
480 2599 557 2659 quae
578 2578 707 2658 pertinet
736 2598 754 2639 a
778 2585 793 2653 §
817 2582 857 2640 39
880 2599 974 2657 usque
997 2578 1035 2638 ad
1059 2585 1074 2653 ᾗ
1098 2581 1150 2652 50,
1183 2599 1274 2639 unam
1302 2600 1366 2639 sen·

202 2680 326 2741 tentiam
350 2680 468 2742 videtur
489 2681 704 2742 Demosthenes
727 2679 866 2760 amplecti
889 2701 962 2754 eam,
986 2701 1063 2759 quae
1076 2681 1179 2760 paucis
1203 2680 1301 2743 verbis
1322 2681 1367 2741 in·

203 2781 288 2843 clusa
309 2781 420 2861 legitur
441 2784 472 2844 in
496 2791 510 2860 ς
537 2789 553 2846 7
581 2787 599 2863 ).
960 2793 962 2796 ’

204 2935 369 2986 quamquam
390 2919 577 2990 δευτερολοχία
597 2923 645 2985 est,
665 2917 778 2972 exordio
798 2922 839 2970 est
858 2917 987 2985 praedite
1005 2935 1094 2987 neque
1113 2921 1196 2972 ullam
1215 2917 1367 2987 δεσιερολο·

202 3008 267 3076 μίαν
287 3023 350 3060 vere
363 3007 606 3062 Demosthenicum
625 3023 669 3059 me
687 3006 779 3075 legere
799 3006 920 3072 memini,
941 3022 1011 3073 quae
1025 3006 1139 3060 exordio
1153 3012 1269 3061 careret.
1305 3009 1366 3076 (Ea,

205 3110 274 3162 quae
302 3095 482 3162 Seebeclrius,
509 3096 537 3148 in
557 3095 587 3147 Z.
611 3094 629 3148 f.
653 3093 679 3148 d.
698 3093 863 3160 Ait-Wiss,
893 3095 973 3156 1838,
1002 3111 1028 3160 p.
1048 3093 1099 3146 784
1123 3097 1262 3163 exposuit,
1291 3112 1367 3149 nuuc

204 3183 409 3251 praetermitto,
431 3183 560 3250 quoniam
573 3183 665 3251 posita
683 3185 747 3234 suut
765 3181 794 3232 iu
814 3181 871 3234 sola
884 3181 1044 3233 coniectura
1057 3199 1147 3249 neque
1166 3183 1222 3236 ullo
1242 3184 1368 3252 exemplo

202 3270 246 3323 vel
265 3288 356 3323 rerum
375 3272 541 3324 necessitate
553 3270 684 3324 videntur
701 3269 837 3337 probari.)
864 3255 907 3336 ld,
929 3268 1002 3336 quod
1016 3271 1129 3322 tertium
1147 3271 1236 3324 locum
1257 3272 1368 3324 obtinet

204 3357 253 3425 (αθ.
272 3359 320 3428 3.),
349 3362 486 3428 repugnat
517 3363 614 3411 contra
638 3357 831 3411 Demosthenis
861 3356 1097 3410 consuetudinem.
1142 3359 1261 3411 Tantum
1293 3359 1367 3412 enim

204 3446 298 3514 abest,
326 3451 358 3500 ut
383 3463 434 3514 per
453 3446 521 3515 legis
539 3447 583 3498 vel
602 3446 716 3498 alicuius
735 3444 847 3498 tabulae
866 3444 986 3496 ieiunam
1009 3445 1148 3512 quandam
1173 3446 1367 3499 recitationem

203 3533 286 3586 finem
306 3533 386 3586 ullius
406 3533 539 3586 orationis
558 3537 615 3586 tam
634 3537 745 3586 tenuem
764 3531 864 3597 faciat,
893 3533 1016 3608 quamsi
1037 3533 1124 3599 rivus,
1151 3550 1167 3585 o
1191 3534 1269 3603 largo
1288 3533 1368 3588 fonte

203 3619 358 3689 profluens,
384 3620 420 3674 ad
440 3625 593 3692 extre-mum
612 3637 696 3673 arena
716 3623 846 3687 exceptus
866 3619 1037 3685 exsiccetur,
1064 3624 1095 3672 ut
1121 3638 1226 3673 summa
1246 3622 1367 3675 eiurare

205 3713 334 3763 cernatur
351 3709 380 3762 in
399 3709 527 3762 clausulis
539 3708 640 3761 idonee
652 3705 839 3761 instituendis.
875 3705 974 3759 Restat
993 3711 1123 3774 quartum
1137 3711 1185 3778 (na
1206 3710 1241 3776 4).
1277 3708 1368 3763 Huius

203 3813 269 3851 vero
288 3797 329 3850 vis
347 3796 509 3863 infringitur
522 3796 559 3849 eis
572 3796 668 3862 causis,
688 3795 787 3862 quibus
801 3792 950 3846 secundum
971 3795 1019 3856 (αθ.
1033 3797 1068 3861 2.)
1089 3799 1117 3848 et
1134 3796 1247 3848 tertium
1262 3797 1309 3864 (οο.
1329 3798 1367 3865 3.)

205 3888 319 3938 conatus
339 3901 398 3936 sum
417 3883 551 3937 refellere.
587 3883 610 3952 1)
629 3882 757 3936 Ceterum
771 3881 856 3946 Dem,
877 3898 939 3932 cum
958 3881 999 3934 his
1014 3882 1279 3950 interrogationibus
1293 3885 1367 3938 cives

205 3973 353 4024 conaretur
372 3971 501 4038 excitare,
520 3970 658 4024 Timothei
677 3970 746 4023 illud
759 3969 951 4037 ἐνεργέστατον
968 3985 1053 4038 genus
1074 3968 1184 4022 dicendi
1202 3971 1367 4025 imitandum

203 4059 257 4112 sibi
283 4057 394 4111 videtur
417 4058 611 4126 proposuisse,
637 4059 712 4110 cuius
736 4057 892 4125 exemplum
915 4057 1057 4110 invenitur
1080 4056 1154 4125 apud
1183 4059 1258 4112 Deru.
1277 4060 1302 4126 8,
1322 4061 1367 4113 74.

205 4146 232 4212 2)
251 4145 327 4198 Haec
345 4144 405 4213 ipsa
425 4162 467 4200 res
486 4144 597 4198 videtur
614 4144 747 4198 ltelandio
775 4148 840 4198 aute
871 4145 992 4196 animum
1020 4144 1168 4198 obversata
1196 4163 1269 4213 asse,
1303 4163 1366 4201 curn

204 4232 419 4288 Demosthenem
438 4233 467 4287 id
491 4248 629 4301 exponere
652 4231 770 4298 diceret,
803 4231 878 4300 quod
897 4248 925 4284 se
944 4232 1140 4299 'expositurum
1168 4250 1226 4288 esse
1253 4251 1368 4303 prorsus
