2954 4824
237 339 277 400 38

235 509 382 592 exposita
402 509 475 572 'iam
505 508 609 592 §tra
626 524 712 587 seqq.
735 511 766 570 te
788 504 905 586 legisse
935 504 1123 571 memineris.
1170 505 1284 587 Neque
1311 504 1351 568 in·
1459 533 1460 582 r

234 612 337 694 iuria;·
362 630 436 674 nam
460 629 656 692 quamquam
680 607 858 672 enuntiatio
881 607 944 686 illa,
975 627 1039 688 qua
1062 608 1263 671 Timocrates
1286 628 1350 672 cum

234 713 351 777 Solone
375 713 543 794 confertur,
573 709 748 795 premenda
770 731 832 773 non
856 716 912 791 est,
939 728 1133 791 quamquam
1157 717 1264 773 orator
1287 712 1351 793 ipse

233 814 251 900 ξ
273 820 340 879 114.
363 815 431 896 (καὶ
454 809 589 879 τούτων
612 806 716 897 ὀλίγῳ
737 809 906 897 πρότερον
927 804 1097 896 ἠκούσατε
1127 813 1197 876 τῶν
1225 809 1350 898 νόμων)

232 918 406 982 orationem
424 919 467 981 ad
483 917 746 981 antecendentem
762 916 865 980 locum
882 917 900 978 i.
908 935 934 979 e.
950 916 992 980 ad
1008 919 1027 996 ξ
1041 921 1108 978 105.
1126 916 1230 998 refert,
1245 922 1349 981 tamen

230 1019 450 1103 neglegentiae
473 1039 544 1084 eum
561 1039 718 1100 accusem,
740 1018 886 1100 quamvis
903 1019 1019 1082 acriter
1034 1018 1225 1102 Spengelius
1242 1027 1348 1083 contra

228 1131 357 1208 pugnet,
379 1125 433 1204 qui
456 1122 704 1187 Demosthenem
728 1141 767 1186 ea
789 1122 1020 1202 tantummodo,
1051 1140 1136 1202 quae
1159 1121 1349 1203 gravissime
1459 1157 1460 1212 3

227 1233 309 1310 sunt,
330 1232 474 1310 repetere
491 1231 590 1309 putat.
634 1224 798 1291 Accedunt
821 1230 930 1288 autem
954 1223 1009 1288 alii
1032 1225 1102 1304 loci,
1126 1225 1241 1307 quibus
1264 1225 1346 1290 idem

226 1331 345 1394 factum
377 1348 448 1394 esse
471 1329 625 1405 videmus,
655 1329 752 1392 veluti
775 1328 794 1413 ξ
814 1331 880 1390 119.
903 1328 1076 1409 respondet
1098 1331 1117 1408 ξ
1137 1331 1213 1408 tot,
1243 1331 1262 1408 ξ
1283 1333 1346 1393 116.

226 1439 349 1516 spectat
371 1432 414 1495 ad
437 1430 521 1516 §ta
565 1432 632 1494 Nec
648 1451 722 1495 vero
746 1449 805 1512 ego
828 1437 894 1493 tam
919 1429 1043 1494 subtilis
1066 1450 1145 1512 snm,
1168 1437 1201 1494 ut
1224 1430 1256 1494 id
1274 1452 1345 1514 quo-

225 1554 293 1616 quc,
316 1536 401 1617 quod
424 1543 455 1598 ct
477 1537 497 1614 ξ
516 1538 582 1596 tro.
606 1538 638 1598 et
660 1537 743 1614 ato.
767 1533 903 1597 eandem
928 1533 1069 1597 eiusdem
1086 1534 1266 1599 sententiae
1287 1536 1344 1598 for-

223 1658 308 1701 mam
340 1636 517 1720 usurpavit,
547 1657 617 1699 oum
648 1637 768 1701 diceret
797 1627 882 1712 ,ἀπὸ
913 1638 971 1718 τῆς
1009 1631 1145 1720 πρώτης
1177 1641 1344 1722 συλλαβῆς

220 1741 313 1824 μέχρι
335 1744 394 1824 τῆς
417 1741 631 1819 τελευταίαςζ
655 1739 863 1804 Demostheni
879 1738 957 1802 vitio
973 1745 1104 1822 vertam,
1128 1740 1213 1821 quod
1229 1740 1343 1806 Sohae-

221 1843 306 1907 ferus
337 1851 369 1908 et
400 1843 587 1908 Benselerus
619 1843 767 1907 feserunt.
823 1841 888 1905 Sed
916 1841 1046 1906 levioris
1078 1844 1228 1906 momenti
1265 1845 1342 1909 haec

219 1953 299 2029 sunt,
331 1948 462 2011 maioris
493 1946 580 2024 illud,
604 1945 690 2028 quod
713 1946 746 2008 in
769 1944 829 2008 hac
860 1951 951 2029 parte
974 1944 1064 2008 multi
1094 1945 1229 2010 duarum
1261 1948 1341 2013 inter

152 2127 158 2138 ἱ
217 2068 312 2114 voces
334 2050 492 2113 vocalium
516 2069 688 2114 concursus
710 2047 922 2129 inveniuntur,
945 2048 1030 2130 quod
1053 2055 1206 2128 quantum
1224 2050 1266 2114 ad
1283 2051 1340 2116 De-

216 2153 390 2217 mosthenis
421 2153 581 2218 orationes
610 2158 694 2217 recte
721 2151 943 2216 aestimandas
967 2152 1086 2231 valcat,
1116 2151 1238 2234 primus
1261 2156 1339 2218 Ben-

216 2255 337 2320 selerus
367 2256 515 2320 ostendit.
558 2256 641 2319 Nam
674 2275 744 2318 cum
775 2255 803 2318 is
833 2254 1031 2338 Ciceronis1)
1059 2261 1089 2317 et
1113 2255 1302 2333 Quintiliani
1313 2258 1337 2342 ²)

214 2358 404 2422 testimoniis
426 2358 568 2422 firmatus
590 2357 713 2422 evitare
730 2356 1081 2421 Demosthenem‘illurn
1105 2357 1225 2422 hiatum
1247 2360 1336 2424 vitio·

214 2479 284 2522 sum
315 2481 372 2543 per
401 2478 510 2524 omnes
539 2461 715 2542 orationes,
746 2477 828 2540 quae
855 2466 890 2523 ut
920 2461 1080 2542 genuinae
1109 2460 1181 2526 huic
1218 2465 1336 2528 oratori

212 2562 445 2627 adscribendae
479 2564 550 2642 sint,
588 2563 861 2644 demonstraverit,
890 2582 983 2627 nemo
1006 2570 1054 2627 est
1082 2564 1137 2646 qui
1160 2563 1243 2629 hanc
1268 2587 1333 2631 rem

211 2666 243 2728 in
266 2666 341 2729 illis
354 2665 568 2750 paragraphis
583 2672 668 2730 recte
690 2665 901 2729 aestimandis
923 2666 1081 2748 neglegat,
1104 2687 1206 2749 eoque
1230 2672 1334 2752 magis

210 2768 414 2852 Spengellum
445 2767 504 2833 hoc
533 2788 572 2833 ne
602 2768 698 2832 verbo
730 2768 858 2851 quidem
889 2769 1031 2850 tetigisse
1063 2769 1244 2836 mirandum
1276 2781 1332 2839 est.

208 2871 321 2954 Neque
344 2877 451 2935 tamen
473 2891 532 2953 ego
549 2872 671 2952 issum,
694 2871 749 2952 qui
771 2890 811 2934 ea
834 2870 931 2934 verba
952 2870 991 2934 ob
1008 2872 1129 2936 hiatum
1154 2874 1329 2942 admissum

208 2974 458 3038 allemosthene
481 2973 671 3055 ahiudioem,
693 2973 777 3053 quod
795 2972 984 3037 Benselerus
1006 2973 1089 3056 fecit,
1113 2976 1170 3041 sed
1189 2980 1328 3044 nondum

206 3075 364 3159 perpolita
388 3085 485 3157 atque
515 3077 547 3139 in
571 3075 807 3139 commentariis
829 3075 941 3140 relicta
971 3096 1042 3141 esse
1073 3097 1111 3142 ea
1136 3079 1234 3145 verba
1257 3102 1327 3147 cum

204 3179 422 3244 Schaefero‘et
438 3180 563 3254 Blassio
587 3178 709 3269 colligo.
754 3176 824 3254 Qua
848 3179 881 3241 in
898 3180 1057 3256 sententia
1073 3200 1110 3246 eo
1127 3187 1327 3251 constantius

204 3281 467 3366 permanebimus,
497 3282 580 3363 quod
598 3288 673 3346 onte
688 3281 841 3364 pecunias
864 3283 988 3346 aerario
1005 3283 1130 3349 debitas
1146 3285 1188 3350 ah
1204 3289 1326 3354 Andro·

202 3386 286 3449 tione
309 3385 441 3466 eiusque
463 3385 628 3449 sodalibus
643 3384 824 3467 persolutae
846 3383 966 3467 scripta
989 3405 1059 3450 esse
1074 3406 1114 3452 ea
1131 3389 1229 3454 verba
1252 3413 1323 3458 cum

201 3489 331 3553 aliunde
355 3497 421 3552 turn
444 3507 491 3552 ex‘
508 3486 526 3572 ξ
543 3490 591 3552 29.
615 3492 704 3570 patet
726 3480 830 3570 (οἶμαι
848 3537 853 3550 .
872 3538 878 3549 .
896 3535 903 3550 .
918 3482 980 3573 τὴν
1002 3479 1102 3571 ὕβριν
1119 3541 1125 3552 .
1144 3541 1150 3554 .
1169 3542 1175 3556 .
1194 3483 1322 3580 Ἀσδρο-

187 3589 296 3653 τίωαι
314 3645 318 3654 .
337 3643 342 3654 .
362 3585 452 3655 ,ὑπὸ
476 3594 536 3674 τῆς
559 3593 645 3655 θεοῦ
669 3587 947 3672 ἐπιπεμφθεῖσαν,
971 3582 1032 3658 i'v'.
1051 3644 1056 3654 .
1074 3583 1217 3660 .σῦτοι.
1234 3594 1321 3662 ..τὰ

196 3689 345 3778 χρήματα
361 3685 543 3758 καταθεῖεν
553 3685 768 3759 ’δεκαπλάσια
790 3689 876 3756 κατὰ
891 3689 971 3772 τούς
987 3691 1112 3778 νόμους
1128 3691 1153 3782 ἢ
1166 3699 1318 3784 δεθεῖεν).

198 3795 257 3859 eui
282 3798 349 3861 loco
380 3817 442 3860 non
473 3803 653 3880 repugnant
676 3796 775 3861 verba
797 3797 815 3873 ξ
834 3799 911 3878 111.,
934 3814 1017 3875 quae
1040 3807 1127 3864 sunt:
1154 3797 1319 3884 θαυμάζω

195 3945 224 3964 ..
241 3950 247 3964 .
262 3903 388 3968 τοῦτον
404 3957 411 3971 .
427 3958 433 3972 .
449 3959 455 3972 .
472 3909 585 4001 ἐπειδὴ
600 3967 607 3981 .
623 3968 629 3981 .
646 3911 886 4000 ,Ἀνδροτίωνα
909 3920 974 3988 ἔδει
998 3919 1018 3991 ἃ
1040 3928 1144 4000 πάλαι
1165 3932 1314 4020 ὑφῄρητο

195 4042 396 4056 a.

280 4127 305 4192 1)
325 4127 380 4182 Cic.
394 4138 462 4185 orat.
475 4139 516 4202 tr,
529 4140 583 4190 151.

278 4215 304 4280 n)
323 4213 415 4280 Quint.
430 4221 453 4286 o,
467 4223 491 4286 r,
504 4225 546 4274 35.
