2998 4826
216 591 395 661 carystium)
414 587 563 644 Artemoni
583 593 612 643 et
631 587 808 658 Apollodoro
835 589 864 644 in
890 605 992 644 narem
1018 594 1047 644 et
1069 604 1178 644 merces
1198 587 1405 657 crediderant,

213 697 371 752 Artemone
384 701 496 752 mortuo
515 696 638 750 solutum
657 711 712 750 non
731 702 817 766 essct,
836 696 865 750 in
878 696 1032 766 Lacritum,
1051 695 1199 765 iratrem2)
1217 695 1403 764 debitorum,

214 803 413 859 mercatoriam
433 801 574 857 actionem
599 801 766 858 intenderat
788 805 814 870 (5
833 805 870 874 3).
907 804 983 858 Reus
1007 808 1106 858 auteur
1126 803 1295 873 exceptione
1321 819 1404 858 usus

214 911 244 966 16
267 910 401 965 16616166
427 909 626 964 mercatoriam
651 909 712 964 iure
738 925 770 965 se
795 910 892 965 vocari
910 915 1071 980 negaverat
1096 913 1139 978 (55
1157 910 1193 964 45
1212 909 1314 979 6146).
1353 910 1403 964 Et
1488 903 1496 993 ll

217 1017 338 1087 primum
358 1017 473 1087 quidem
491 1017 636 1072 Lacritum
662 1022 691 1072 et
716 1022 903 1073 mercatorem
929 1033 961 1073 se
987 1033 1050 1073 esse
1076 1022 1106 1072 et
1131 1021 1308 1073 contractum
1336 1017 1402 1074 sibi

217 1141 280 1181 cum
300 1123 445 1180 Androcle
465 1139 528 1180 esse
547 1124 701 1193 negavisse
721 1124 980 1195 existimaverimll.
1018 1125 1089 1180 Nam
1108 1123 1327 1180 Atheniensium
1351 1125 1400 1180 16-

215 1233 301 1302 gibus
326 1231 511 1288 coustitutum
535 1236 612 1300 erat,
640 1236 673 1285 ut
698 1231 826 1286 actiones
852 1231 1039 1286 mercatoriae
1071 1236 1169 1286 essent
1192 1232 1335 1286 naucleris
1361 1241 1400 1288 et.

218 1338 425 1396 mercatoribus
444 1337 522 1408 apud
541 1337 780 1405 thesmothetas4)
800 1337 836 1392 de
849 1338 1050 1394 'contractibus
1069 1337 1285 1405 6666166165).
1316 1337 1398 1392 Tum

215 1447 311 1502 fratris
324 1445 485 1502 hereditate
499 1462 530 1502 sc
543 1445 688 1502 abstinere
702 1444 816 1499 dixerat
828 1447 871 1512 (55
881 1444 899 1498 4
908 1450 939 1500 et
947 1445 1002 1515 44).
1025 1443 1230 1500 Affirmaverat
1242 1444 1316 1500 enim
1329 1445 1396 1499 An·

216 1553 336 1622 diocles,
353 1558 387 1608 ut
397 1553 458 1608 iure
474 1569 524 1608 aes
537 1552 665 1608 debitum
678 1556 778 1619 petere
792 1550 946 1619 videretur,
966 1566 1030 1605 eum
1044 1551 1080 1605 ab
1094 1550 1252 1604 Artemone
1265 1549 1394 1604 omnium

214 1661 353 1715 bonorum
363 1659 497 1715 heredem
509 1659 693 1715 constitutum
704 1674 768 1713 6666
779 1656 971 1728 (66461490).
991 1657 1072 1712 Η666
1083 1661 1178 1712 autem
1189 1656 1392 1726 exceptionem

214 1876 283 1946 111,2
307 1891 398 1944 pagg.
418 1875 470 1929 286
495 1889 606 1943 proxx.,
630 1873 663 1927 ll.
677 1871 827 1927 Darestius
847 1871 921 1940 161,
949 1888 996 1941 66.
1009 1871 1026 1926 i.
1046 1872 1102 1926 Les
1121 1871 1288 1942 plaidoyers
1308 1870 1391 1925 civile

217 1963 253 2018 de
272 1962 467 2018 Demosthene
493 1961 616 2016 traduits
645 1966 723 2030 cett,
741 1960 823 2015 Paris
843 1960 921 2030 1875,
940 1961 962 2031 1,
980 1977 1069 2030 pagg.
1090 1960 1143 2014 314
1161 1975 1270 2028 proxx.,
1297 1959 1393 2014 Blass.
1489 1990 1496 2037 Ε,

214 2053 232 2106 1.
246 2052 339 2121 1.111,ι
360 2068 450 2121 pagg.
464 2052 517 2105 502
535 2067 636 2120 proxx.

306 2142 326 2210 ¹)
345 2140 435 2194 Η6166
456 2141 569 2194 nomine
595 2139 655 2193 sine
675 2137 762 2194 dubio
781 2138 941 2194 Androcles
960 2140 1104 2195 Lacritum
1129 2139 1211 2194 simul
1235 2137 1392 2207 petiverat.

214 2230 248 2285 V.
268 2235 300 2296 55
318 2230 354 2285 46
375 2228 466 2297 6141,
485 2229 576 2282 Β1666.
595 2244 623 2296 p.
643 2228 704 2282 502.

305 2321 328 2390 2)
347 2321 436 2374 Plane
457 2317 603 2374 consentio
623 2333 686 2372 curn
706 2318 741 2371 A.
762 2317 925 2388 Schaefero‚
946 2319 1081 2388 66166.
1101 2319 1139 2387 (p.
1158 2319 1225 2390 2863
1246 2317 1280 2374 ef.
1301 2317 1336 2373 G.
1355 2319 1393 2373 H.

215 2407 681 2478 8666616616666661.66111661
706 2409 855 2478 exegetic,
881 2410 1070 2478 16661821,
1094 2408 1143 2464 IV.
1168 2424 1195 2476 p.
1216 2408 1278 2475 566)
1304 2407 1394 2462 Arte-

216 2512 326 2562 monem
346 2502 376 2552 et
394 2497 601 2567 Apollodorum
620 2496 725 2551 fratres
744 2513 808 2554 esse
834 2498 917 2570 dioit3
943 2498 972 2553 id
997 2499 1074 2568 quod
1099 2495 1321 2551 luculentissime
1342 2495 1394 2550 de-

214 2590 390 2640 monstratur
408 2587 513 2656 verbis,
536 2603 610 2656 6666
636 2587 771 2656 leguntur
790 2593 822 2652 55
841 2587 866 2642 8.
884 2586 937 2643 τῶν
957 2583 1081 2658 ridetquc
1098 2585 1152 2641 τῶν
1170 2583 1274 2647 ἑαυτοῦ,
1300 2585 1344 2642 15.
1365 2589 1395 2638 ot

215 2669 332 2744 11661661
350 2679 377 2728 οἱ
394 2672 499 2740 τούτου,
524 2677 567 2731 42.
593 2671 656 2736 τούς
675 2671 810 2746 ἄδελᾳοῧς
826 2673 889 2737 τούς
908 2671 999 2732 tedred.
1025 2677 1117 2731 Aliter
1135 2675 1244 2729 iudicat
1262 2674 1395 2728 Blassius

215 2767 254 2833 (p.
269 2765 322 2819 502
342 2771 399 2820 not.
412 2765 440 2834 4)
459 2766 537 2820 61666
555 2765 652 2821 verbis
672 2781 734 2819 eum
754 2769 786 2829 55
806 2765 848 2833 15,
874 2767 899 2835 3,
918 2766 952 2819 36
978 2765 1065 2832 (,666
1090 2765 1197 2821 ebenso
1216 2762 1288 2818 wird
1308 2763 1343 2818 15
1362 2764 1393 2818 ff.

215 2851 266 2908 31.
279 2855 314 2909 36
333 2871 386 2909 nur
399 2855 538 2910 Artemon
558 2855 601 2910 als
620 2853 676 2909 L.'s
688 2853 800 2908 Brnder
818 2853 1015 2922 bezeichnet“)
1035 2859 1094 2908 tum
1113 2859 1128 2919 5
1143 2855 1166 2908 7.
1187 2849 1337 2926 Ἀρτέμωνι
1355 2853 1395 2922 τῷ

216 2938 312 2995 τούτου
333 2939 505 3014 (1661661661
523 2940 727 3018 Ἀπολλοδώρῳ.
762 2943 803 2997 At
821 2958 914 3012 neque
934 2959 970 2997 ex
989 2942 1124 2998 hocloco
1144 2941 1275 2998 concludi
1293 2947 1395 3011 potest

216 3030 401 3087 Artemonem
425 3038 454 3087 et
472 3032 678 3101 Apollodorum
705 3049 761 3087 non
786 3033 891 3088 fratres
916 3047 980 3086 esse
1006 3048 1099 3101 neque
1123 3031 1178 3087 illis
1202 3032 1296 3101 potuit
1321 3030 1393 3100 fieri,

215 3118 284 3187 quin
303 3119 488 3175 Artemonem
517 3123 607 3176 solum
631 3122 806 3176 nominatum
833 3121 923 3176 solum
949 3121 1034 3174 etiam
1054 3121 1160 3176 Lacriti
1184 3120 1300 3176 fratrem
1326 3136 1393 3176 esse

215 3207 368 3264 diceretur.
406 3209 543 3264 Attamen
563 3211 722 3266 mirandum
741 3213 864 3281 videtur,
890 3211 968 3280 qnod
990 3215 1090 3265 auctor
1110 3226 1150 3265 or.
1169 3209 1287 3264 XXXV.
1306 3225 1394 3278 para-

216 3296 329 3366 grapho
349 3298 437 3352 611616
456 3313 513 3352 non
532 3299 660 3368 scripsit:
682 3295 831 3373 Ἀρτέμωνι
848 3305 894 3354 καὶ
911 3295 1106 3372 Ἀπολλοδώρῳ
1124 3306 1180 3359 τοῖς
1197 3295 1295 3353 τούτου
1315 3293 1393 3351 11661-

216 3393 287 3456 φοῑς.
326 3386 408 3451 Quod
432 3387 536 3442 deinde
562 3406 588 3443 v.
608 3389 635 3443 6.
653 3391 715 3445 veri
735 3391 870 3446 dissimile
897 3405 961 3444 esse
988 3396 1017 3444 et
1041 3389 1209 3445 incredibile
1235 3388 1393 3444 arbitratur

215 3476 253 3531 ab
273 3481 396 3546 oratore,
422 3477 446 3531 si
464 3477 503 3531 illi
522 3476 628 3532 fratres
650 3477 785 3548 inissent,
811 3478 939 3548 potuisse
959 3477 1015 3533 dici
1033 3479 1177 3533 Lacritum
1197 3479 1287 3533 solum
1306 3477 1394 3532 Arte-

216 3564 307 3619 monis
320 3581 383 3620 esse
397 3565 541 3634 heredem,
561 3566 596 3626 de
611 3583 644 3622 eo
658 3567 767 3638 videas,
781 3584 898 3638 quaeso,
912 3584 956 3639 ea,
969 3583 1043 3636 quae
1056 3567 1130 3623 inira
1148 3571 1186 3637 (p.
1201 3568 1246 3636 10)
1260 3566 1391 3622 monebo.

305 3655 329 3723 0)
349 3653 390 3709 of.
409 3655 501 3710 Blass.
520 3655 538 3710 l.
557 3656 575 3710 l.
594 3672 622 3725 p.
642 3657 703 3710 502.

304 3743 328 3810 ⁴)
349 3741 507 3798 016666
527 3748 557 3798 et
576 3742 765 3799 Sehoemanni
785 3762 830 3816 op.
850 3746 909 3802 Der
928 3745 1051 3802 attische
1064 3747 1194 3813 Process,
1213 3743 1291 3814 quod
1311 3745 1392 3799 auxit

214 3834 247 3884 et
264 3832 388 3886 correxit
406 3832 433 3886 J.
446 3833 480 3888 H.
494 3833 616 3902 Lipsius,
636 3834 657 3902 Ι,
676 3851 766 3904 pagg.
780 3835 815 3890 80
833 3840 891 3890 661.
906 3835 967 3904 103,
986 3835 1021 3890 95
1039 3851 1156 3906 proxx.;
1176 3835 1207 3888 Ε.
1221 3835 1253 3888 R.
1268 3832 1391 3889 Schulaii

213 3917 252 3986 6.,
272 3934 298 3987 6.
318 3918 336 3978 i.
355 3920 583 3989 Prolegomenon
602 3923 631 3976 in
650 3923 851 3980 Demosthenis
871 3941 945 3994 quae
965 3922 1055 3978 fertur
1075 3924 1231 3978 orationem
1251 3923 1390 3978 adversus

213 4006 389 4076 Apaturium
408 4009 505 4077 capita
523 4010 589 4080 duo,
609 4011 686 4081 Lips.
706 4012 784 4081 1818,
803 4029 831 4082 p.
850 4014 886 4069 28
904 4020 962 4069 not.
982 4014 1006 4068 3.

305 4097 329 4165 ⁶)
349 4096 391 4151 Oi.
410 4097 502 4153 Blass.
525 4101 543 4154 l.
563 4101 581 4154 l.
600 4117 628 4169 p.
648 4101 709 4170 502,
728 4100 840 4162 Schulz.
859 4103 877 4162 l.
890 4105 908 4162 1.
921 4118 1011 4172 pagg.
1024 4101 1060 4154 28
1078 4117 1179 4169 proxx.

305 4186 329 4255 ⁶)
348 4186 381 4240 16
400 4185 454 4241 hac
473 4203 504 4244 re
524 4192 614 4242 totam
634 4204 749 4244 causam
768 4190 892 4260 positam
912 4205 976 4246 osso
998 4186 1082 4242 facile
1105 4194 1150 4244 est
1167 4189 1323 4246 intellectu.
