2954 4824
1247 344 1285 405 41

167 511 382 577 Demosthene
412 512 524 577 addita
547 532 618 577 esse
648 512 799 596 suspicor.
843 510 984 588 Quodsi
1013 517 1097 576 recte
1121 512 1289 594 colligitur,

168 613 318 694 sequitur,
348 620 381 678 ut
412 614 641 679 Demosthenes
673 613 767 680 edere
801 615 883 680 hano
911 615 1086 679 oraticnem
1117 616 1149 678 in
1180 615 1288 680 animo

170 715 327 797 habuerit,
350 738 370 780 a
394 736 455 798 qno
479 717 611 781 consilio
634 718 741 781 nescio
764 739 826 799 qno
849 722 943 800 pacto
967 715 1131 782 destiterit.

257 818 417 900 Sequitur,
448 825 481 882 ut
504 820 546 882 ad
574 817 663 884 illam
686 825 823 903 partem,
851 839 934 900 quae
965 817 1187 903 §rsa-186.
1218 839 1288 884 con·

167 921 294 1002 tinctor,
325 940 474 1003 quaeque
505 942 566 985 uno
598 928 706 986 tenore
729 920 812 998 linit,
844 941 901 985 nos
925 927 1155 986 convertamus.
1199 921 1289 998 Quae

166 1029 234 1086 tota
261 1031 430 1106 propterea
461 1041 587 1105 quoque
618 1044 714 1088 unum
744 1024 896 1104 quiddam
930 1043 1000 1088 esse
1033 1022 1173 1100 videtur,
1204 1023 1289 1105 quod

166 1126 336 1208 diligenter
369 1125 477 1191 hiatus
508 1126 563 1191 ille
594 1127 728 1190 vitiosus
758 1127 896 1190 evitatus
928 1130 986 1190 cst.
1038 1125 1149 1207 Neque
1179 1133 1288 1190 tamon

166 1227 233 1292 lieri
258 1229 368 1311 potnit,
390 1228 465 1308 quin
488 1229 568 1293 haec
591 1249 665 1311 pars
688 1227 907 1293 vehementius
929 1229 1026 1293 etiam
1051 1228 1164 1292 aviris
1186 1228 1288 1293 doctis

165 1336 385 1413 temptaretur,
408 1345 505 1412 quam
523 1330 750 1396 antecedentes
766 1331 951 1414 particulae.
996 1331 1094 1396 Cuius
1110 1330 1155 1395 rei
1171 1349 1288 1395 causae

167 1433 294 1496 fuerunt
321 1432 421 1516 duae,
453 1452 532 1511 una,
576 1433 661 1514 quod
694 1433 837 1496 maxima
871 1452 947 1516 pars
980 1453 1088 1497 eorum
1122 1433 1288 1497 vorborum

163 1534 201 1626 (ξ
223 1534 418 1619 roa-186.)
449 1535 560 1618 paucis
583 1535 712 1598 mutatis
734 1536 959 1616 nonnullisque
987 1535 1114 1600 omissis
1135 1535 1232 1599 etiam
1254 1537 1289 1599 in

96 1677 100 1684 ·
166 1636 384 1701 Androtionea
408 1637 536 1719 legitur,
559 1637 621 1720 uhi,
644 1637 676 1701 id
700 1637 783 1720 quod
809 1638 913 1720 prima
937 1638 1030 1702 huius
1052 1637 1288 1701 dissertationis

166 1745 257 1820 parte
280 1739 424 1804 effectum
448 1745 504 1817 est,
530 1739 644 1803 abesse
668 1759 729 1802 non
753 1745 903 1823 possunt,
935 1739 1046 1820 altera,
1081 1740 1165 1820 quod
1190 1740 1288 1803 verba

166 1845 185 1922 ξ
204 1843 272 1906 187.
295 1861 378 1922 quae
401 1847 489 1906 suut:
519 1841 574 1904 καὶ
598 1843 673 1926 περὶ
695 1838 905 1924 pictoriam>
937 1839 1023 1906 κατὰ
1046 1837 1190 1925 σχολήν·
1209 1833 1229 1906 ἃ
1251 1842 1287 1906 δὲ

171 1939 362 2026 Τιμοκράτει
398 1957 528 2025 συνερεῖ
556 1941 667 2007 πολλὰ
704 1943 814 2026 λέγειν
844 1942 891 2008 ἔτι
922 1941 1007 2027 πρὸς
1038 1941 1172 2020 τούτοις
1203 1941 1287 2027 ἔχων

165 2042 342 2129 παύσομαι,
368 2055 491 2129 postea,
522 2051 556 2110 ut
587 2048 754 2128 sequentia
785 2067 854 2111 eum
889 2048 1151 2112 antecedentibus
1178 2047 1287 2128 aliquo

167 2150 261 2213 modo
284 2150 556 2231 coniungerentur,
580 2149 692 2213 addita
715 2157 796 2215 sunl.
850 2151 962 2230 Neque
985 2151 1069 2214 enirn
1101 2151 1133 2214 in
1163 2157 1287 2214 antece·

167 2251 315 2316 dentibus
337 2252 442 2317 verbis
465 2252 656 2333 quidquam,
687 2252 771 2333 quod
795 2252 971 2316 Androtion
1006 2253 1049 2316 ad
1073 2253 1286 2318 Timocratem

165 2353 400 2419 defendendum
432 2354 573 2418 dicturus
595 2361 690 2436 esset,
722 2361 881 2418 oratorem
914 2355 1113 2437 significasse
1144 2355 1288 2438 legimus,

165 2478 268 2539 neque
298 2457 501 2540 neglegentia
533 2456 696 2539 dictionis,
734 2476 814 2539 qna,
852 2462 1022 2539 postquam
1062 2457 1093 2520 in
1129 2457 1287 2541 prioribus

164 2560 364 2624 transitionis
388 2560 562 2624 enuntiatis
586 2559 762 2626 Androtion
793 2560 969 2623 subiectum
993 2559 1066 2639 fuit,
1097 2568 1227 2642 repente
1254 2561 1285 2624 in

165 2662 330 2728 enuntiato
354 2662 438 2742 quod
462 2667 510 2726 est
534 2653 650 2725 ἀκούω
673 2652 701 2725 d'
718 2651 836 2738 οὕτόν,
871 2661 972 2725 oratic
1006 2663 1047 2726 ad
1072 2662 1287 2727 Timocratem

164 2766 289 2846 transit,
312 2764 479 2848 probanda
503 2764 595 2828 nobis
618 2763 752 2828 videtur.
798 2764 876 2828 Cum
893 2770 998 2828 autem
1016 2764 1097 2828 hano
1120 2764 1286 2829 difficulta-

165 2875 240 2950 tem,
280 2887 376 2949 quam
411 2867 512 2932 altero
554 2867 623 2931 loco
657 2867 758 2951 posui,
789 2867 900 2932 tollere
937 2867 1023 2931 nullo
1055 2866 1149 2932 modo
1186 2868 1286 2950 possi-

165 2992 235 3036 mus
264 2970 382 3054 (neque
404 2969 506 3052 potuit
527 2969 718 3052 Spengelius
742 2969 884 3034 scribens
906 2990 963 3054 pro
993 2965 1030 3048 ,d
1054 2971 1106 3036 σὲί
1134 2971 1180 3049 ,εἰ
1203 2962 1287 3054 dq‘),

165 3074 253 3138 illam
277 3073 413 3156 priorem
445 3074 577 3137 nonita
608 3093 736 3155 gravem
761 3093 832 3138 esse
855 3073 1011 3138 existimo.
1056 3074 1157 3156 Sane,
1188 3074 1287 3138 semel
1337 3083 1340 3092 ’

164 3199 224 3241 sua
240 3176 364 3257 scrinia,
387 3182 421 3241 ut
437 3176 614 3240 Horatiano
631 3177 726 3240 verbo
748 3183 828 3257 utar,
851 3176 1036 3260 compilavit
1049 3176 1287 3260 Demosthenes,

164 3279 303 3362 quidni?
334 3279 447 3360 Neque
469 3298 544 3343 vero
568 3279 611 3342 ad
635 3280 765 3343 verbum
790 3278 1030 3344 Androtioneae
1053 3280 1155 3344 locum
1179 3281 1211 3343 in
1235 3280 1286 3342 Ti-

165 3387 358 3447 mocrateam
382 3383 591 3464 transcripsit,
614 3382 746 3463 sedita,
769 3388 803 3446 ut
826 3403 888 3446 non
905 3403 1021 3466 pauca,
1044 3383 1159 3463 quihus
1181 3384 1285 3446 Timo-

165 3489 284 3550 cratem
327 3484 515 3549 Androtioni
557 3484 700 3549 sodalem
734 3485 934 3567 adiungeret,
976 3491 1108 3569 perapte
1146 3485 1286 3550 adderet.

164 3589 296 3668 Nequeo
327 3587 422 3669 igitur
445 3586 590 3650 Nitsehio
621 3586 783 3666 assentiri,
812 3587 866 3668 qui
898 3587 1005 3651 omnia
1034 3588 1132 3652 verba
1161 3587 1236 3652 inde
1266 3608 1286 3652 a

163 3695 182 3771 ξ
202 3694 269 3752 157.
293 3689 374 3753 med.
390 3680 448 3772 (ori
471 3685 533 3772 γὰρ
553 3682 666 3765 ἁπλῶς
690 3687 762 3773 (aut
778 3681 840 3773 οὐχ
856 3678 951 3754 οὗτοι
966 3687 1102 3774 μόνον»
1126 3690 1285 3772 usquead

164 3795 260 3873 5187.
276 3792 343 3855 init.
359 3787 449 3875 (cido
466 3783 564 3876 o'da)
581 3799 745 3874 tamquam
762 3793 954 3875 interpolata
971 3794 1059 3877 eicit;
1082 3793 1285 3874 nequeenim

163 3895 194 3958 in
218 3895 282 3959 illis
307 3895 421 3976 verbis,
443 3915 525 3976 quae
549 3902 637 3958 sunt:
661 3886 784 3979 οὐγὰρ
809 3884 924 3970 ἁπλῶς
948 3886 1019 3960 odd
1041 3889 1133 3971 ὅπως
1157 3893 1284 3980 ἔτυχον,

162 3999 303 4062 ποιοῦσι
325 4000 437 4072 κακῶς
459 3990 550 4079 ὑμᾶς,
575 3987 648 4061 ἀλλ’
666 3996 870 4080 ἐσκεμμένως
889 3999 943 4060 καὶ
967 3989 1060 4062 τοῦτ’
1076 3990 1159 4062 αὐτὸ
1181 3993 1284 4082 κράτ-

163 4123 290 4178 torrae,
313 4091 373 4183 οὐχ
397 4089 493 4164 οὗτοι
515 4095 632 4182 μόνον,
656 4091 740 4163 ἀλλὰ
762 4100 888 4163 πολλοὶ
910 4102 981 4164 τῶν
1001 4101 1284 4184 πολιτευομένων,

164 4201 197 4268 οἳ
233 4197 346 4286 τούτῳ
381 4197 560 4286 παριόντες
591 4193 710 4266 αὐτίκα
748 4199 787 4286 ὀὴ
814 4198 903 4284 μάλα
941 4200 1285 4289 συναπολογήσονται,
