<?xml version="1.0" encoding="UTF-8"?>
<!DOCTYPE html PUBLIC "-//W3C//DTD XHTML 1.0 Transitional//EN"
    "http://www.w3.org/TR/xhtml1/DTD/xhtml1-transitional.dtd">
<html xmlns="http://www.w3.org/1999/xhtml" xml:lang="en" lang="en">
 <head>
  <title>
</title>
<meta http-equiv="Content-Type" content="text/html;charset=utf-8" />
  <meta name='ocr-system' content='tesseract 3.04.00' />
  <meta name='ocr-capabilities' content='ocr_page ocr_carea ocr_par ocr_line ocrx_word'/>
</head>
<body>
  <div class='ocr_page' id='page_1' title='image "./dedemosthenisor00hubogoog_0177.png"; bbox 0 0 2954 4824; ppageno 0'>
   <div class='ocr_carea' id='block_1_1' title="bbox 202 273 285 354">
    <p class='ocr_par' dir='ltr' id='par_1_1' title="bbox 202 273 285 354">
     <span class='ocr_line' id='line_1_1' title="bbox 202 273 285 354; baseline 0.012 -1"><span class='ocrx_word' id='word_1_1' title='bbox 202 273 285 354; x_wconf 76' lang='grc' dir='ltr'><strong>ιι</strong></span> 
     </span>
    </p>
   </div>
   <div class='ocr_carea' id='block_1_2' title="bbox 180 456 1317 3820">
    <p class='ocr_par' dir='ltr' id='par_1_2' title="bbox 196 456 1316 646">
     <span class='ocr_line' id='line_1_2' title="bbox 197 456 1316 547; baseline 0.003 -22"><span class='ocrx_word' id='word_1_2' title='bbox 197 459 255 525; x_wconf 78' lang='grc' dir='ltr'><strong>ἐὰν</strong></span> <span class='ocrx_word' id='word_1_3' title='bbox 285 466 332 544; x_wconf 74' lang='grc' dir='ltr'><strong>φῇ</strong></span> <span class='ocrx_word' id='word_1_4' title='bbox 363 463 432 526; x_wconf 89' lang='grc' dir='ltr'><strong><em>δεῖν</em></strong></span> <span class='ocrx_word' id='word_1_5' title='bbox 466 456 549 544; x_wconf 77' lang='grc' dir='ltr'><strong><em>ἡμᾶς</em></strong></span> <span class='ocrx_word' id='word_1_6' title='bbox 580 456 807 526; x_wconf 66' lang='grc' dir='ltr'><strong>ἐνδεικνύναι·</strong></span> <span class='ocrx_word' id='word_1_7' title='bbox 845 458 922 526; x_wconf 87' lang='grc' dir='ltr'><strong><em>τότε</em></strong></span> <span class='ocrx_word' id='word_1_8' title='bbox 953 459 1016 546; x_wconf 84' lang='grc' dir='ltr'><strong>γὰρ</strong></span> <span class='ocrx_word' id='word_1_9' title='bbox 1045 466 1147 527; x_wconf 77' lang='grc' dir='ltr'><strong>τοῦτο</strong></span> <span class='ocrx_word' id='word_1_10' title='bbox 1179 458 1316 547; x_wconf 83' lang='grc' dir='ltr'><strong><em>ποιήσο-</em></strong></span> 
     </span>
     <span class='ocr_line' id='line_1_3' title="bbox 196 572 337 646; baseline 0 -18"><span class='ocrx_word' id='word_1_11' title='bbox 196 587 256 646; x_wconf 93' lang='grc' dir='ltr'><strong><em>μεν</em></strong></span> <span class='ocrx_word' id='word_1_12' title='bbox 279 572 337 629; x_wconf 90' lang='lat' dir='ltr'><strong>ete.</strong></span> 
     </span>
    </p>

    <p class='ocr_par' dir='ltr' id='par_1_3' title="bbox 195 665 1317 1161">
     <span class='ocr_line' id='line_1_4' title="bbox 283 665 1316 752; baseline 0.002 -23"><span class='ocrx_word' id='word_1_13' title='bbox 283 667 455 747; x_wconf 90' lang='lat' dir='ltr'><strong>Postquam</strong></span> <span class='ocrx_word' id='word_1_14' title='bbox 479 675 585 730; x_wconf 90' lang='lat' dir='ltr'><strong>orator</strong></span> <span class='ocrx_word' id='word_1_15' title='bbox 611 665 660 752; x_wconf 60' lang='grc' dir='ltr'><strong>ἕξ,</strong></span> <span class='ocrx_word' id='word_1_16' title='bbox 677 670 724 730; x_wconf 90' lang='grc'><strong>33.</strong></span> <span class='ocrx_word' id='word_1_17' title='bbox 748 675 778 731; x_wconf 89' lang='lat' dir='ltr'><strong>et</strong></span> <span class='ocrx_word' id='word_1_18' title='bbox 802 671 850 730; x_wconf 77' lang='lat'><strong>34.</strong></span> <span class='ocrx_word' id='word_1_19' title='bbox 877 667 1073 750; x_wconf 82' lang='lat' dir='ltr'><strong>paucissima</strong></span> <span class='ocrx_word' id='word_1_20' title='bbox 1103 666 1145 730; x_wconf 91' lang='lat' dir='ltr'><strong>ad</strong></span> <span class='ocrx_word' id='word_1_21' title='bbox 1168 675 1316 750; x_wconf 82' lang='lat' dir='ltr'><strong>quartam</strong></span> 
     </span>
     <span class='ocr_line' id='line_1_5' title="bbox 197 769 1317 852; baseline 0.003 -22"><span class='ocrx_word' id='word_1_22' title='bbox 197 769 300 849; x_wconf 87' lang='lat' dir='ltr'><strong>legem</strong></span> <span class='ocrx_word' id='word_1_23' title='bbox 332 769 519 851; x_wconf 87' lang='lat' dir='ltr'><strong>disputavit,</strong></span> <span class='ocrx_word' id='word_1_24' title='bbox 549 769 632 833; x_wconf 88' lang='lat' dir='ltr'><strong>hane</strong></span> <span class='ocrx_word' id='word_1_25' title='bbox 664 776 761 834; x_wconf 91' lang='lat' dir='ltr'><strong>totam</strong></span> <span class='ocrx_word' id='word_1_26' title='bbox 786 769 825 832; x_wconf 87' lang='lat' dir='ltr'><strong>de</strong></span> <span class='ocrx_word' id='word_1_27' title='bbox 849 769 971 852; x_wconf 89' lang='lat' dir='ltr'><strong>legibus</strong></span> <span class='ocrx_word' id='word_1_28' title='bbox 1001 776 1124 851; x_wconf 86' lang='lat' dir='ltr'><strong>partem</strong></span> <span class='ocrx_word' id='word_1_29' title='bbox 1157 770 1317 834; x_wconf 70' lang='lat' dir='ltr'>concludit</span> 
     </span>
     <span class='ocr_line' id='line_1_6' title="bbox 197 862 1316 957; baseline 0.002 -23"><span class='ocrx_word' id='word_1_30' title='bbox 197 870 302 935; x_wconf 89' lang='lat' dir='ltr'><strong>verbis</strong></span> <span class='ocrx_word' id='word_1_31' title='bbox 326 871 387 934; x_wconf 84' lang='lat' dir='ltr'><strong>his:</strong></span> <span class='ocrx_word' id='word_1_32' title='bbox 415 872 471 934; x_wconf 87' lang='grc' dir='ltr'><strong>καὶ</strong></span> <span class='ocrx_word' id='word_1_33' title='bbox 494 874 570 957; x_wconf 86' lang='grc' dir='ltr'><strong><em>περὶ</em></strong></span> <span class='ocrx_word' id='word_1_34' title='bbox 593 873 653 954; x_wconf 80' lang='grc' dir='ltr'><strong>μὲν</strong></span> <span class='ocrx_word' id='word_1_35' title='bbox 676 875 747 936; x_wconf 76' lang='grc' dir='ltr'><strong>τῶν</strong></span> <span class='ocrx_word' id='word_1_36' title='bbox 769 864 894 954; x_wconf 82' lang='grc' dir='ltr'><strong><em>νόμων,</em></strong></span> <span class='ocrx_word' id='word_1_37' title='bbox 928 862 986 947; x_wconf 60' lang='grc' dir='ltr'><strong>οὓς</strong></span> <span class='ocrx_word' id='word_1_38' title='bbox 1017 864 1316 956; x_wconf 70' lang='grc' dir='ltr'><strong><em>παρεγραψάμεθα,</em></strong></span> 
     </span>
     <span class='ocr_line' id='line_1_7' title="bbox 198 963 1316 1059; baseline 0.002 -22"><span class='ocrx_word' id='word_1_39' title='bbox 198 971 286 1056; x_wconf 82' lang='grc' dir='ltr'><strong><em>οἶμαι</em></strong></span> <span class='ocrx_word' id='word_1_40' title='bbox 304 973 373 1038; x_wconf 79' lang='grc' dir='ltr'><strong><em>δεῖν</em></strong></span> <span class='ocrx_word' id='word_1_41' title='bbox 389 968 479 1056; x_wconf 77' lang='grc' dir='ltr'><strong><em>ὑμᾶς,</em></strong></span> <span class='ocrx_word' id='word_1_42' title='bbox 497 969 539 1038; x_wconf 83' lang='grc' dir='ltr'><strong>άν</strong></span> <span class='ocrx_word' id='word_1_43' title='bbox 554 998 586 1038; x_wconf 85' lang='grc' dir='ltr'><strong>τι</strong></span> <span class='ocrx_word' id='word_1_44' title='bbox 603 975 793 1056; x_wconf 76' lang='grc' dir='ltr'><strong><em>φενακίζειν</em></strong></span> <span class='ocrx_word' id='word_1_45' title='bbox 810 973 936 1059; x_wconf 73' lang='grc' dir='ltr'><strong><em>ἐγχειρῇ</em></strong></span> <span class='ocrx_word' id='word_1_46' title='bbox 956 975 1012 1038; x_wconf 83' lang='grc' dir='ltr'><strong>παὶ</strong></span> <span class='ocrx_word' id='word_1_47' title='bbox 1027 970 1190 1058; x_wconf 76' lang='grc' dir='ltr'><strong><em>παράγειν</em></strong></span> <span class='ocrx_word' id='word_1_48' title='bbox 1205 963 1316 1054; x_wconf 77' lang='grc' dir='ltr'><strong><em>οὗτος,</em></strong></span> 
     </span>
     <span class='ocr_line' id='line_1_8' title="bbox 195 1067 956 1161; baseline -0.001 -21"><span class='ocrx_word' id='word_1_49' title='bbox 195 1067 297 1140; x_wconf 77' lang='grc' dir='ltr'><strong><em>ταῦθ’</em></strong></span> <span class='ocrx_word' id='word_1_50' title='bbox 319 1070 574 1159; x_wconf 62' lang='grc' dir='ltr'><strong><em>ὑπολαμβάνειν</em></strong></span> <span class='ocrx_word' id='word_1_51' title='bbox 596 1067 616 1140; x_wconf 85' lang='grc' dir='ltr'><strong><em>ά</em></strong></span> <span class='ocrx_word' id='word_1_52' title='bbox 640 1073 860 1161; x_wconf 74' lang='grc' dir='ltr'><strong><em>διεξελήλυθα</em></strong></span> <span class='ocrx_word' id='word_1_53' title='bbox 884 1073 956 1160; x_wconf 77' lang='grc' dir='ltr'><strong><em>ἐγώ.</em></strong></span> 
     </span>
    </p>

    <p class='ocr_par' dir='ltr' id='par_1_4' title="bbox 181 1177 1315 3410">
     <span class='ocr_line' id='line_1_9' title="bbox 282 1177 1315 1262; baseline 0.003 -21"><span class='ocrx_word' id='word_1_54' title='bbox 282 1180 350 1241; x_wconf 89' lang='lat' dir='ltr'><strong>lam</strong></span> <span class='ocrx_word' id='word_1_55' title='bbox 369 1178 396 1241; x_wconf 88' lang='lat' dir='ltr'><strong>si</strong></span> <span class='ocrx_word' id='word_1_56' title='bbox 412 1185 512 1241; x_wconf 90' lang='lat' dir='ltr'><strong>totam</strong></span> <span class='ocrx_word' id='word_1_57' title='bbox 537 1177 624 1242; x_wconf 88' lang='lat' dir='ltr'><strong>illam</strong></span> <span class='ocrx_word' id='word_1_58' title='bbox 649 1186 783 1262; x_wconf 87' lang='lat' dir='ltr'><strong>partem,</strong></span> <span class='ocrx_word' id='word_1_59' title='bbox 810 1199 893 1260; x_wconf 89' lang='lat' dir='ltr'><strong>quae</strong></span> <span class='ocrx_word' id='word_1_60' title='bbox 916 1182 1015 1258; x_wconf 75' lang='lat' dir='ltr'><strong>a§5.</strong></span> <span class='ocrx_word' id='word_1_61' title='bbox 1039 1198 1141 1260; x_wconf 90' lang='lat' dir='ltr'><strong>usque</strong></span> <span class='ocrx_word' id='word_1_62' title='bbox 1163 1178 1207 1242; x_wconf 91' lang='lat' dir='ltr'><strong>ad</strong></span> <span class='ocrx_word' id='word_1_63' title='bbox 1229 1181 1315 1259; x_wconf 65' lang='lat'><strong>§34</strong></span> 
     </span>
     <span class='ocr_line' id='line_1_10' title="bbox 194 1280 1315 1364; baseline -0.001 -19"><span class='ocrx_word' id='word_1_64' title='bbox 194 1282 340 1364; x_wconf 81' lang='lat' dir='ltr'><strong>pertinet,</strong></span> <span class='ocrx_word' id='word_1_65' title='bbox 370 1281 477 1344; x_wconf 91' lang='lat' dir='ltr'><strong>animo</strong></span> <span class='ocrx_word' id='word_1_66' title='bbox 501 1280 761 1364; x_wconf 82' lang='lat' dir='ltr'><strong>comtemplamur</strong></span> <span class='ocrx_word' id='word_1_67' title='bbox 791 1281 922 1363; x_wconf 88' lang='lat' dir='ltr'><strong>eiusque</strong></span> <span class='ocrx_word' id='word_1_68' title='bbox 946 1281 1122 1364; x_wconf 81' lang='lat' dir='ltr'><strong>particulas</strong></span> <span class='ocrx_word' id='word_1_69' title='bbox 1145 1282 1315 1364; x_wconf 89' lang='lat' dir='ltr'><strong>perlustra-</strong></span> 
     </span>
     <span class='ocr_line' id='line_1_11' title="bbox 194 1382 1313 1466; baseline 0.002 -20"><span class='ocrx_word' id='word_1_70' title='bbox 194 1405 273 1466; x_wconf 89' lang='lat' dir='ltr'><strong>mus,</strong></span> <span class='ocrx_word' id='word_1_71' title='bbox 299 1386 388 1466; x_wconf 85' lang='lat' dir='ltr'><strong>leges</strong></span> <span class='ocrx_word' id='word_1_72' title='bbox 411 1385 452 1448; x_wconf 90' lang='lat' dir='ltr'><strong>ab</strong></span> <span class='ocrx_word' id='word_1_73' title='bbox 476 1393 602 1448; x_wconf 86' lang='lat' dir='ltr'><strong>oratore</strong></span> <span class='ocrx_word' id='word_1_74' title='bbox 626 1382 778 1447; x_wconf 88' lang='lat' dir='ltr'><strong>laudatas</strong></span> <span class='ocrx_word' id='word_1_75' title='bbox 801 1383 884 1447; x_wconf 87' lang='lat' dir='ltr'><strong>huno</strong></span> <span class='ocrx_word' id='word_1_76' title='bbox 907 1384 1050 1448; x_wconf 81' lang='lat' dir='ltr'>ordinem</span> <span class='ocrx_word' id='word_1_77' title='bbox 1075 1403 1204 1448; x_wconf 88' lang='lat' dir='ltr'><strong>servare</strong></span> <span class='ocrx_word' id='word_1_78' title='bbox 1228 1385 1313 1448; x_wconf 86' lang='lat' dir='ltr'><strong>vide-</strong></span> 
     </span>
     <span class='ocr_line' id='line_1_12' title="bbox 194 1487 1311 1569; baseline -0.001 -19"><span class='ocrx_word' id='word_1_79' title='bbox 194 1508 272 1567; x_wconf 91' lang='lat' dir='ltr'><strong>mns,</strong></span> <span class='ocrx_word' id='word_1_80' title='bbox 295 1493 328 1550; x_wconf 90' lang='lat' dir='ltr'><strong>ut</strong></span> <span class='ocrx_word' id='word_1_81' title='bbox 350 1489 453 1569; x_wconf 92' lang='lat' dir='ltr'><strong>primo</strong></span> <span class='ocrx_word' id='word_1_82' title='bbox 477 1487 545 1550; x_wconf 88' lang='lat' dir='ltr'><strong>loeo</strong></span> <span class='ocrx_word' id='word_1_83' title='bbox 568 1505 627 1550; x_wconf 89' lang='lat' dir='ltr'><strong>eae</strong></span> <span class='ocrx_word' id='word_1_84' title='bbox 651 1493 834 1568; x_wconf 75' lang='lat' dir='ltr'><strong>tractentur,</strong></span> <span class='ocrx_word' id='word_1_85' title='bbox 864 1493 974 1550; x_wconf 88' lang='lat' dir='ltr'><strong>eontra</strong></span> <span class='ocrx_word' id='word_1_86' title='bbox 1006 1507 1087 1567; x_wconf 88' lang='lat' dir='ltr'><strong>quas</strong></span> <span class='ocrx_word' id='word_1_87' title='bbox 1116 1487 1169 1550; x_wconf 80' lang='lat' dir='ltr'><strong>lex</strong></span> <span class='ocrx_word' id='word_1_88' title='bbox 1192 1487 1311 1552; x_wconf 67' lang='lat' dir='ltr'><strong>Andro»</strong></span> 
     </span>
     <span class='ocr_line' id='line_1_13' title="bbox 192 1587 1313 1672; baseline 0.002 -22"><span class='ocrx_word' id='word_1_89' title='bbox 192 1589 287 1652; x_wconf 88' lang='lat' dir='ltr'><strong>tionis</strong></span> <span class='ocrx_word' id='word_1_90' title='bbox 310 1596 437 1670; x_wconf 84' lang='lat' dir='ltr'><strong>pugnet,</strong></span> <span class='ocrx_word' id='word_1_91' title='bbox 461 1588 575 1653; x_wconf 89' lang='lat' dir='ltr'><strong>deinde</strong></span> <span class='ocrx_word' id='word_1_92' title='bbox 598 1607 665 1671; x_wconf 87' lang='lat' dir='ltr'><strong>eae,</strong></span> <span class='ocrx_word' id='word_1_93' title='bbox 688 1608 770 1669; x_wconf 87' lang='lat' dir='ltr'><strong>quae</strong></span> <span class='ocrx_word' id='word_1_94' title='bbox 793 1587 835 1650; x_wconf 92' lang='lat' dir='ltr'><strong>ad</strong></span> <span class='ocrx_word' id='word_1_95' title='bbox 856 1589 1073 1670; x_wconf 83' lang='lat' dir='ltr'><strong>legislatorem</strong></span> <span class='ocrx_word' id='word_1_96' title='bbox 1097 1589 1203 1670; x_wconf 90' lang='lat' dir='ltr'><strong>ipsum</strong></span> <span class='ocrx_word' id='word_1_97' title='bbox 1226 1609 1313 1672; x_wconf 85' lang='lat' dir='ltr'><strong>spee-</strong></span> 
     </span>
     <span class='ocr_line' id='line_1_14' title="bbox 192 1691 1312 1773; baseline 0.001 -19"><span class='ocrx_word' id='word_1_98' title='bbox 192 1699 266 1755; x_wconf 87' lang='lat' dir='ltr'><strong>tent.</strong></span> <span class='ocrx_word' id='word_1_99' title='bbox 317 1692 386 1755; x_wconf 90' lang='lat' dir='ltr'><strong>Nee</strong></span> <span class='ocrx_word' id='word_1_100' title='bbox 415 1692 475 1754; x_wconf 89' lang='lat' dir='ltr'><strong>erit</strong></span> <span class='ocrx_word' id='word_1_101' title='bbox 505 1691 691 1773; x_wconf 74' lang='lat' dir='ltr'><strong>quisquam,</strong></span> <span class='ocrx_word' id='word_1_102' title='bbox 726 1693 778 1772; x_wconf 91' lang='lat' dir='ltr'><strong>qui</strong></span> <span class='ocrx_word' id='word_1_103' title='bbox 812 1691 894 1754; x_wconf 86' lang='lat' dir='ltr'><strong>huno</strong></span> <span class='ocrx_word' id='word_1_104' title='bbox 925 1691 1067 1754; x_wconf 85' lang='lat' dir='ltr'><strong>ordinem</strong></span> <span class='ocrx_word' id='word_1_105' title='bbox 1099 1712 1162 1754; x_wconf 90' lang='lat' dir='ltr'><strong>non</strong></span> <span class='ocrx_word' id='word_1_106' title='bbox 1193 1693 1312 1773; x_wconf 86' lang='lat' dir='ltr'><strong>probet.</strong></span> 
     </span>
     <span class='ocr_line' id='line_1_15' title="bbox 191 1792 1312 1876; baseline 0 -19"><span class='ocrx_word' id='word_1_107' title='bbox 191 1795 311 1857; x_wconf 83' lang='lat' dir='ltr'><strong>Contra</strong></span> <span class='ocrx_word' id='word_1_108' title='bbox 333 1793 512 1876; x_wconf 89' lang='lat' dir='ltr'><strong>amplitudo</strong></span> <span class='ocrx_word' id='word_1_109' title='bbox 536 1793 733 1874; x_wconf 87' lang='lat' dir='ltr'><strong>singularum</strong></span> <span class='ocrx_word' id='word_1_110' title='bbox 758 1792 985 1876; x_wconf 88' lang='lat' dir='ltr'><strong>partioularum</strong></span> <span class='ocrx_word' id='word_1_111' title='bbox 1006 1813 1135 1876; x_wconf 90' lang='lat' dir='ltr'><strong>prorsus</strong></span> <span class='ocrx_word' id='word_1_112' title='bbox 1159 1795 1312 1876; x_wconf 89' lang='lat' dir='ltr'><strong>inaequa-</strong></span> 
     </span>
     <span class='ocr_line' id='line_1_16' title="bbox 190 1895 1312 1978; baseline 0 -18"><span class='ocrx_word' id='word_1_113' title='bbox 190 1897 265 1960; x_wconf 90' lang='lat' dir='ltr'><strong>bilis</strong></span> <span class='ocrx_word' id='word_1_114' title='bbox 287 1903 347 1972; x_wconf 88' lang='lat' dir='ltr'><strong>est;</strong></span> <span class='ocrx_word' id='word_1_115' title='bbox 371 1897 474 1978; x_wconf 88' lang='lat' dir='ltr'><strong>prima</strong></span> <span class='ocrx_word' id='word_1_116' title='bbox 497 1895 580 1960; x_wconf 92' lang='lat' dir='ltr'><strong>enim</strong></span> <span class='ocrx_word' id='word_1_117' title='bbox 605 1902 677 1976; x_wconf 90' lang='lat' dir='ltr'><strong>tres,</strong></span> <span class='ocrx_word' id='word_1_118' title='bbox 701 1896 802 1961; x_wconf 91' lang='lat' dir='ltr'><strong>altera</strong></span> <span class='ocrx_word' id='word_1_119' title='bbox 819 1897 890 1978; x_wconf 91' lang='lat' dir='ltr'><strong>plus</strong></span> <span class='ocrx_word' id='word_1_120' title='bbox 913 1916 1009 1977; x_wconf 90' lang='lat' dir='ltr'><strong>quam</strong></span> <span class='ocrx_word' id='word_1_121' title='bbox 1033 1897 1195 1978; x_wconf 77' lang='lat' dir='ltr'><strong>tredecim,</strong></span> <span class='ocrx_word' id='word_1_122' title='bbox 1217 1898 1312 1961; x_wconf 91' lang='lat' dir='ltr'><strong>tertia</strong></span> 
     </span>
     <span class='ocr_line' id='line_1_17' title="bbox 190 1997 1311 2080; baseline 0.002 -20"><span class='ocrx_word' id='word_1_123' title='bbox 190 1997 365 2079; x_wconf 82' lang='lat' dir='ltr'><strong>duodecim,</strong></span> <span class='ocrx_word' id='word_1_124' title='bbox 399 2006 513 2079; x_wconf 85' lang='lat' dir='ltr'><strong>quarta</strong></span> <span class='ocrx_word' id='word_1_125' title='bbox 544 1997 679 2078; x_wconf 90' lang='lat' dir='ltr'><strong>denique</strong></span> <span class='ocrx_word' id='word_1_126' title='bbox 711 1997 791 2061; x_wconf 78' lang='lat' dir='ltr'><strong>diras</strong></span> <span class='ocrx_word' id='word_1_127' title='bbox 823 2006 944 2062; x_wconf 87' lang='lat' dir='ltr'><strong>tantum</strong></span> <span class='ocrx_word' id='word_1_128' title='bbox 978 1997 1200 2080; x_wconf 79' lang='lat' dir='ltr'><strong>paragraphus</strong></span> <span class='ocrx_word' id='word_1_129' title='bbox 1231 2017 1311 2062; x_wconf 88' lang='lat' dir='ltr'><strong>eorn-</strong></span> 
     </span>
     <span class='ocr_line' id='line_1_18' title="bbox 189 2099 1311 2183; baseline 0.001 -21"><span class='ocrx_word' id='word_1_130' title='bbox 189 2100 345 2183; x_wconf 88' lang='lat' dir='ltr'><strong>pleetitur.</strong></span> <span class='ocrx_word' id='word_1_131' title='bbox 389 2101 501 2181; x_wconf 85' lang='lat' dir='ltr'><strong>Neque</strong></span> <span class='ocrx_word' id='word_1_132' title='bbox 524 2108 633 2163; x_wconf 89' lang='lat' dir='ltr'><strong>tamen</strong></span> <span class='ocrx_word' id='word_1_133' title='bbox 657 2100 804 2180; x_wconf 87' lang='lat' dir='ltr'><strong>estquod</strong></span> <span class='ocrx_word' id='word_1_134' title='bbox 827 2099 886 2163; x_wconf 90' lang='lat' dir='ltr'><strong>hoe</strong></span> <span class='ocrx_word' id='word_1_135' title='bbox 909 2101 1059 2163; x_wconf 90' lang='lat' dir='ltr'><strong>miremur</strong></span> <span class='ocrx_word' id='word_1_136' title='bbox 1074 2119 1149 2162; x_wconf 90' lang='lat' dir='ltr'><strong>nam</strong></span> <span class='ocrx_word' id='word_1_137' title='bbox 1172 2100 1311 2182; x_wconf 90' lang='lat' dir='ltr'><strong>plurima</strong></span> 
     </span>
     <span class='ocr_line' id='line_1_19' title="bbox 188 2201 1310 2285; baseline 0 -18"><span class='ocrx_word' id='word_1_138' title='bbox 188 2204 288 2272; x_wconf 86' lang='lat' dir='ltr'><strong>verba</strong></span> <span class='ocrx_word' id='word_1_139' title='bbox 311 2201 416 2267; x_wconf 85' lang='lat' dir='ltr'><strong>faeere</strong></span> <span class='ocrx_word' id='word_1_140' title='bbox 439 2222 519 2285; x_wconf 91' lang='lat' dir='ltr'><strong>opus</strong></span> <span class='ocrx_word' id='word_1_141' title='bbox 551 2209 620 2264; x_wconf 89' lang='lat' dir='ltr'><strong>erat</strong></span> <span class='ocrx_word' id='word_1_142' title='bbox 643 2202 759 2264; x_wconf 87' lang='lat' dir='ltr'><strong>oratori</strong></span> <span class='ocrx_word' id='word_1_143' title='bbox 784 2201 824 2266; x_wconf 91' lang='lat' dir='ltr'><strong>de</strong></span> <span class='ocrx_word' id='word_1_144' title='bbox 846 2221 886 2266; x_wconf 86' lang='lat' dir='ltr'><strong>ea</strong></span> <span class='ocrx_word' id='word_1_145' title='bbox 909 2203 1043 2284; x_wconf 86' lang='lat' dir='ltr'><strong>ratione,</strong></span> <span class='ocrx_word' id='word_1_146' title='bbox 1074 2221 1138 2283; x_wconf 90' lang='lat' dir='ltr'><strong>qua</strong></span> <span class='ocrx_word' id='word_1_147' title='bbox 1170 2203 1310 2267; x_wconf 86' lang='lat' dir='ltr'><strong>maxime</strong></span> 
     </span>
     <span class='ocr_line' id='line_1_20' title="bbox 189 2304 1310 2387; baseline -0.001 -19"><span class='ocrx_word' id='word_1_148' title='bbox 189 2304 349 2368; x_wconf 90' lang='lat' dir='ltr'><strong>nitebatur</strong></span> <span class='ocrx_word' id='word_1_149' title='bbox 372 2305 586 2386; x_wconf 78' lang='lat' dir='ltr'><strong>adversariae,</strong></span> <span class='ocrx_word' id='word_1_150' title='bbox 619 2323 658 2368; x_wconf 91' lang='lat' dir='ltr'><strong>ea</strong></span> <span class='ocrx_word' id='word_1_151' title='bbox 682 2323 771 2386; x_wconf 88' lang='lat' dir='ltr'><strong>vero,</strong></span> <span class='ocrx_word' id='word_1_152' title='bbox 802 2323 885 2385; x_wconf 90' lang='lat' dir='ltr'><strong>quae</strong></span> <span class='ocrx_word' id='word_1_153' title='bbox 915 2304 956 2368; x_wconf 93' lang='lat' dir='ltr'><strong>de</strong></span> <span class='ocrx_word' id='word_1_154' title='bbox 986 2313 1100 2386; x_wconf 89' lang='lat' dir='ltr'><strong>quarta</strong></span> <span class='ocrx_word' id='word_1_155' title='bbox 1123 2307 1195 2387; x_wconf 87' lang='lat' dir='ltr'><strong>lege</strong></span> <span class='ocrx_word' id='word_1_156' title='bbox 1219 2311 1310 2369; x_wconf 88' lang='lat' dir='ltr'><strong>erant</strong></span> 
     </span>
     <span class='ocr_line' id='line_1_21' title="bbox 188 2406 1309 2496; baseline -0.001 -25"><span class='ocrx_word' id='word_1_157' title='bbox 188 2406 393 2496; x_wconf 87' lang='lat' dir='ltr'><strong>proferenda,</strong></span> <span class='ocrx_word' id='word_1_158' title='bbox 427 2407 601 2470; x_wconf 80' lang='lat' dir='ltr'><strong>consociari</strong></span> <span class='ocrx_word' id='word_1_159' title='bbox 633 2412 782 2488; x_wconf 89' lang='lat' dir='ltr'><strong>poterant</strong></span> <span class='ocrx_word' id='word_1_160' title='bbox 811 2426 881 2470; x_wconf 86' lang='lat' dir='ltr'><strong>oum</strong></span> <span class='ocrx_word' id='word_1_161' title='bbox 914 2406 993 2489; x_wconf 90' lang='lat' dir='ltr'><strong>illis,</strong></span> <span class='ocrx_word' id='word_1_162' title='bbox 1032 2425 1114 2487; x_wconf 89' lang='lat' dir='ltr'><strong>quae</strong></span> <span class='ocrx_word' id='word_1_163' title='bbox 1142 2406 1183 2470; x_wconf 92' lang='lat' dir='ltr'><strong>de</strong></span> <span class='ocrx_word' id='word_1_164' title='bbox 1213 2407 1309 2471; x_wconf 90' lang='lat' dir='ltr'><strong>tertia</strong></span> 
     </span>
     <span class='ocr_line' id='line_1_22' title="bbox 189 2509 1310 2592; baseline -0.001 -19"><span class='ocrx_word' id='word_1_165' title='bbox 189 2511 275 2574; x_wconf 88' lang='lat' dir='ltr'><strong>diota</strong></span> <span class='ocrx_word' id='word_1_166' title='bbox 299 2515 402 2585; x_wconf 76' lang='lat' dir='ltr'><strong>erant3</strong></span> <span class='ocrx_word' id='word_1_167' title='bbox 436 2509 518 2590; x_wconf 91' lang='lat' dir='ltr'><strong>quod</strong></span> <span class='ocrx_word' id='word_1_168' title='bbox 551 2528 620 2572; x_wconf 89' lang='lat' dir='ltr'><strong>enm</strong></span> <span class='ocrx_word' id='word_1_169' title='bbox 645 2509 750 2572; x_wconf 87' lang='lat' dir='ltr'><strong>faeere</strong></span> <span class='ocrx_word' id='word_1_170' title='bbox 773 2509 884 2590; x_wconf 88' lang='lat' dir='ltr'><strong>nollet,</strong></span> <span class='ocrx_word' id='word_1_171' title='bbox 915 2509 991 2588; x_wconf 88' lang='lat' dir='ltr'><strong>quia</strong></span> <span class='ocrx_word' id='word_1_172' title='bbox 1024 2509 1163 2573; x_wconf 83' lang='lat' dir='ltr'><strong>fortasse</strong></span> <span class='ocrx_word' id='word_1_173' title='bbox 1194 2510 1310 2592; x_wconf 89' lang='lat' dir='ltr'><strong>prioris</strong></span> 
     </span>
     <span class='ocr_line' id='line_1_23' title="bbox 188 2601 1308 2694; baseline 0 -20"><span class='ocrx_word' id='word_1_174' title='bbox 188 2611 342 2675; x_wconf 91' lang='lat' dir='ltr'><strong>orationis</strong></span> <span class='ocrx_word' id='word_1_175' title='bbox 373 2611 515 2674; x_wconf 83' lang='lat' dir='ltr'><strong>ordinem</strong></span> <span class='ocrx_word' id='word_1_176' title='bbox 553 2630 681 2675; x_wconf 87' lang='lat' dir='ltr'><strong>servare</strong></span> <span class='ocrx_word' id='word_1_177' title='bbox 713 2611 850 2691; x_wconf 88' lang='lat' dir='ltr'><strong>volebat,</strong></span> <span class='ocrx_word' id='word_1_178' title='bbox 885 2609 959 2674; x_wconf 83' lang='lat' dir='ltr'><strong>feeit</strong></span> <span class='ocrx_word' id='word_1_179' title='bbox 990 2611 1036 2672; x_wconf 89' lang='lat' dir='ltr'><strong>ita</strong></span> <span class='ocrx_word' id='word_1_180' title='bbox 1067 2601 1100 2673; x_wconf 88' lang='lat' dir='ltr'><strong>ut</strong></span> <span class='ocrx_word' id='word_1_181' title='bbox 1130 2613 1308 2694; x_wconf 87' lang='lat' dir='ltr'><strong>separatim</strong></span> 
     </span>
     <span class='ocr_line' id='line_1_24' title="bbox 187 2713 1309 2797; baseline 0.001 -20"><span class='ocrx_word' id='word_1_182' title='bbox 187 2715 316 2797; x_wconf 88' lang='lat' dir='ltr'><strong>quidem</strong></span> <span class='ocrx_word' id='word_1_183' title='bbox 333 2715 454 2778; x_wconf 82' lang='lat' dir='ltr'><strong>diceret</strong></span> <span class='ocrx_word' id='word_1_184' title='bbox 477 2713 517 2776; x_wconf 92' lang='lat' dir='ltr'><strong>de</strong></span> <span class='ocrx_word' id='word_1_185' title='bbox 540 2721 655 2794; x_wconf 92' lang='lat' dir='ltr'><strong>quarta</strong></span> <span class='ocrx_word' id='word_1_186' title='bbox 672 2713 742 2796; x_wconf 88' lang='lat' dir='ltr'><strong>lege</strong></span> <span class='ocrx_word' id='word_1_187' title='bbox 765 2713 820 2777; x_wconf 90' lang='lat' dir='ltr'><strong>sed</strong></span> <span class='ocrx_word' id='word_1_188' title='bbox 836 2722 1001 2776; x_wconf 89' lang='lat' dir='ltr'><strong>revoearet</strong></span> <span class='ocrx_word' id='word_1_189' title='bbox 1017 2733 1087 2777; x_wconf 87' lang='lat' dir='ltr'><strong>eam</strong></span> <span class='ocrx_word' id='word_1_190' title='bbox 1105 2713 1148 2777; x_wconf 90' lang='lat' dir='ltr'><strong>ad</strong></span> <span class='ocrx_word' id='word_1_191' title='bbox 1171 2715 1309 2778; x_wconf 91' lang='lat' dir='ltr'><strong>tertiam.</strong></span> 
     </span>
     <span class='ocr_line' id='line_1_25' title="bbox 186 2814 1308 2898; baseline -0.002 -16"><span class='ocrx_word' id='word_1_192' title='bbox 186 2816 323 2882; x_wconf 89' lang='lat' dir='ltr'><strong>Omnino</strong></span> <span class='ocrx_word' id='word_1_193' title='bbox 347 2823 452 2880; x_wconf 90' lang='lat' dir='ltr'><strong>autem</strong></span> <span class='ocrx_word' id='word_1_194' title='bbox 478 2814 655 2879; x_wconf 77' lang='lat' dir='ltr'><strong>pavendum</strong></span> <span class='ocrx_word' id='word_1_195' title='bbox 679 2823 735 2898; x_wconf 90' lang='lat' dir='ltr'><strong>est,</strong></span> <span class='ocrx_word' id='word_1_196' title='bbox 765 2835 805 2879; x_wconf 93' lang='lat' dir='ltr'><strong>ne</strong></span> <span class='ocrx_word' id='word_1_197' title='bbox 827 2816 959 2879; x_wconf 93' lang='lat' dir='ltr'><strong>nimium</strong></span> <span class='ocrx_word' id='word_1_198' title='bbox 984 2815 1211 2896; x_wconf 86' lang='lat' dir='ltr'><strong>aequabilitati</strong></span> <span class='ocrx_word' id='word_1_199' title='bbox 1237 2837 1308 2898; x_wconf 89' lang='lat' dir='ltr'><strong>par-</strong></span> 
     </span>
     <span class='ocr_line' id='line_1_26' title="bbox 185 2918 1307 3000; baseline -0.001 -18"><span class='ocrx_word' id='word_1_200' title='bbox 185 2920 263 2983; x_wconf 90' lang='lat' dir='ltr'><strong>tium</strong></span> <span class='ocrx_word' id='word_1_201' title='bbox 288 2919 472 2982; x_wconf 82' lang='lat' dir='ltr'><strong>tribuamus,</strong></span> <span class='ocrx_word' id='word_1_202' title='bbox 516 2919 689 2981; x_wconf 86' lang='lat' dir='ltr'><strong>Nemeum</strong></span> <span class='ocrx_word' id='word_1_203' title='bbox 713 2919 745 2980; x_wconf 91' lang='lat' dir='ltr'><strong>in</strong></span> <span class='ocrx_word' id='word_1_204' title='bbox 762 2918 846 2980; x_wconf 91' lang='lat' dir='ltr'><strong>omni</strong></span> <span class='ocrx_word' id='word_1_205' title='bbox 864 2918 1007 2980; x_wconf 87' lang='lat' dir='ltr'><strong>oratione</strong></span> <span class='ocrx_word' id='word_1_206' title='bbox 1030 2918 1175 2999; x_wconf 87' lang='lat' dir='ltr'><strong>singulae</strong></span> <span class='ocrx_word' id='word_1_207' title='bbox 1198 2925 1307 3000; x_wconf 86' lang='lat' dir='ltr'><strong>partes</strong></span> 
     </span>
     <span class='ocr_line' id='line_1_27' title="bbox 185 3017 1306 3101; baseline 0.001 -19"><span class='ocrx_word' id='word_1_208' title='bbox 185 3040 277 3082; x_wconf 87' lang='lat' dir='ltr'><strong>suum</strong></span> <span class='ocrx_word' id='word_1_209' title='bbox 295 3038 441 3101; x_wconf 89' lang='lat' dir='ltr'><strong>quaeque</strong></span> <span class='ocrx_word' id='word_1_210' title='bbox 458 3019 587 3081; x_wconf 90' lang='lat' dir='ltr'><strong>modum</strong></span> <span class='ocrx_word' id='word_1_211' title='bbox 611 3025 708 3099; x_wconf 85' lang='lat' dir='ltr'><strong>atque</strong></span> <span class='ocrx_word' id='word_1_212' title='bbox 724 3018 893 3082; x_wconf 87' lang='lat' dir='ltr'><strong>terminum</strong></span> <span class='ocrx_word' id='word_1_213' title='bbox 910 3017 1060 3100; x_wconf 90' lang='lat' dir='ltr'><strong>habeant,</strong></span> <span class='ocrx_word' id='word_1_214' title='bbox 1083 3028 1148 3081; x_wconf 92' lang='lat' dir='ltr'><strong>tum</strong></span> <span class='ocrx_word' id='word_1_215' title='bbox 1165 3018 1306 3083; x_wconf 85' lang='lat' dir='ltr'><strong>maxime</strong></span> 
     </span>
     <span class='ocr_line' id='line_1_28' title="bbox 184 3121 1305 3204; baseline 0.001 -21"><span class='ocrx_word' id='word_1_216' title='bbox 184 3121 216 3184; x_wconf 92' lang='lat' dir='ltr'><strong>in</strong></span> <span class='ocrx_word' id='word_1_217' title='bbox 240 3121 459 3202; x_wconf 88' lang='lat' dir='ltr'><strong>deuterologia</strong></span> <span class='ocrx_word' id='word_1_218' title='bbox 488 3141 616 3203; x_wconf 85' lang='lat' dir='ltr'><strong>prorsus</strong></span> <span class='ocrx_word' id='word_1_219' title='bbox 646 3121 838 3202; x_wconf 88' lang='lat' dir='ltr'><strong>requirenda</strong></span> <span class='ocrx_word' id='word_1_220' title='bbox 867 3141 930 3184; x_wconf 91' lang='lat' dir='ltr'><strong>non</strong></span> <span class='ocrx_word' id='word_1_221' title='bbox 954 3128 1003 3185; x_wconf 91' lang='lat' dir='ltr'><strong>est</strong></span> <span class='ocrx_word' id='word_1_222' title='bbox 1026 3123 1162 3204; x_wconf 88' lang='lat' dir='ltr'><strong>partium</strong></span> <span class='ocrx_word' id='word_1_223' title='bbox 1187 3141 1305 3203; x_wconf 88' lang='lat' dir='ltr'><strong>aequa-</strong></span> 
     </span>
     <span class='ocr_line' id='line_1_29' title="bbox 184 3223 1303 3307; baseline -0.001 -19"><span class='ocrx_word' id='word_1_224' title='bbox 184 3224 307 3305; x_wconf 87' lang='lat' dir='ltr'><strong>bilitas,</strong></span> <span class='ocrx_word' id='word_1_225' title='bbox 338 3225 414 3305; x_wconf 90' lang='lat' dir='ltr'><strong>quia</strong></span> <span class='ocrx_word' id='word_1_226' title='bbox 445 3244 464 3286; x_wconf 92' lang='lat' dir='ltr'><strong>a</strong></span> <span class='ocrx_word' id='word_1_227' title='bbox 495 3224 606 3306; x_wconf 89' lang='lat' dir='ltr'><strong>primis</strong></span> <span class='ocrx_word' id='word_1_228' title='bbox 626 3223 728 3287; x_wconf 90' lang='lat' dir='ltr'><strong>initiis</strong></span> <span class='ocrx_word' id='word_1_229' title='bbox 758 3223 931 3288; x_wconf 81' lang='lat' dir='ltr'><strong>artificiosa</strong></span> <span class='ocrx_word' id='word_1_230' title='bbox 954 3225 1122 3307; x_wconf 81' lang='lat' dir='ltr'><strong>dispositio</strong></span> <span class='ocrx_word' id='word_1_231' title='bbox 1150 3226 1217 3307; x_wconf 89' lang='lat' dir='ltr'><strong>peti</strong></span> <span class='ocrx_word' id='word_1_232' title='bbox 1243 3246 1303 3290; x_wconf 90' lang='lat' dir='ltr'><strong>non</strong></span> 
     </span>
     <span class='ocr_line' id='line_1_30' title="bbox 181 3326 1118 3410; baseline -0.003 -21"><span class='ocrx_word' id='word_1_233' title='bbox 181 3332 295 3410; x_wconf 89' lang='lat' dir='ltr'><strong>potest,</strong></span> <span class='ocrx_word' id='word_1_234' title='bbox 319 3345 390 3390; x_wconf 84' lang='lat' dir='ltr'><strong>eum</strong></span> <span class='ocrx_word' id='word_1_235' title='bbox 414 3347 433 3388; x_wconf 91' lang='lat' dir='ltr'><strong>a</strong></span> <span class='ocrx_word' id='word_1_236' title='bbox 457 3327 562 3408; x_wconf 90' lang='lat' dir='ltr'><strong>priore</strong></span> <span class='ocrx_word' id='word_1_237' title='bbox 585 3331 713 3390; x_wconf 88' lang='lat' dir='ltr'><strong>oratore</strong></span> <span class='ocrx_word' id='word_1_238' title='bbox 736 3326 818 3389; x_wconf 88' lang='lat' dir='ltr'><strong>alter</strong></span> <span class='ocrx_word' id='word_1_239' title='bbox 841 3333 947 3390; x_wconf 88' lang='lat' dir='ltr'><strong>orator</strong></span> <span class='ocrx_word' id='word_1_240' title='bbox 970 3326 1118 3408; x_wconf 89' lang='lat' dir='ltr'><strong>pendeat.</strong></span> 
     </span>
    </p>

    <p class='ocr_par' dir='ltr' id='par_1_5' title="bbox 180 3429 1302 3820">
     <span class='ocr_line' id='line_1_31' title="bbox 267 3429 1302 3508; baseline -0.001 -17"><span class='ocrx_word' id='word_1_241' title='bbox 267 3430 336 3492; x_wconf 91' lang='lat' dir='ltr'><strong>lam</strong></span> <span class='ocrx_word' id='word_1_242' title='bbox 359 3429 399 3490; x_wconf 88' lang='lat' dir='ltr'><strong>ad</strong></span> <span class='ocrx_word' id='word_1_243' title='bbox 424 3447 472 3506; x_wconf 88' lang='lat' dir='ltr'><strong>ea,</strong></span> <span class='ocrx_word' id='word_1_244' title='bbox 495 3447 578 3508; x_wconf 90' lang='lat' dir='ltr'><strong>quae</strong></span> <span class='ocrx_word' id='word_1_245' title='bbox 601 3434 784 3508; x_wconf 83' lang='lat' dir='ltr'><strong>sequuntur,</strong></span> <span class='ocrx_word' id='word_1_246' title='bbox 808 3429 976 3492; x_wconf 76' lang='lat' dir='ltr'><strong>tractanda</strong></span> <span class='ocrx_word' id='word_1_247' title='bbox 999 3449 1057 3492; x_wconf 91' lang='lat' dir='ltr'><strong>nos</strong></span> <span class='ocrx_word' id='word_1_248' title='bbox 1073 3434 1302 3492; x_wconf 84' lang='lat' dir='ltr'><strong>convertamus.</strong></span> 
     </span>
     <span class='ocr_line' id='line_1_32' title="bbox 182 3529 1301 3613; baseline 0.002 -21"><span class='ocrx_word' id='word_1_249' title='bbox 182 3529 401 3593; x_wconf 85' lang='lat' dir='ltr'><strong>Adneotuntur</strong></span> <span class='ocrx_word' id='word_1_250' title='bbox 432 3531 558 3612; x_wconf 92' lang='lat' dir='ltr'><strong>primae</strong></span> <span class='ocrx_word' id='word_1_251' title='bbox 581 3531 674 3612; x_wconf 88' lang='lat' dir='ltr'><strong>parti,</strong></span> <span class='ocrx_word' id='word_1_252' title='bbox 705 3550 789 3611; x_wconf 90' lang='lat' dir='ltr'><strong>quae</strong></span> <span class='ocrx_word' id='word_1_253' title='bbox 818 3538 866 3594; x_wconf 90' lang='lat' dir='ltr'><strong>est</strong></span> <span class='ocrx_word' id='word_1_254' title='bbox 899 3531 939 3594; x_wconf 90' lang='lat' dir='ltr'><strong>de</strong></span> <span class='ocrx_word' id='word_1_255' title='bbox 963 3531 1093 3612; x_wconf 88' lang='lat' dir='ltr'><strong>legibus,</strong></span> <span class='ocrx_word' id='word_1_256' title='bbox 1125 3530 1301 3613; x_wconf 76' lang='lat' dir='ltr'><strong>particulae</strong></span> 
     </span>
     <span class='ocr_line' id='line_1_33' title="bbox 182 3632 1300 3714; baseline -0.001 -19"><span class='ocrx_word' id='word_1_257' title='bbox 182 3640 256 3711; x_wconf 82' lang='lat' dir='ltr'><strong>tres,</strong></span> <span class='ocrx_word' id='word_1_258' title='bbox 280 3652 411 3714; x_wconf 87' lang='lat' dir='ltr'><strong>quarum</strong></span> <span class='ocrx_word' id='word_1_259' title='bbox 436 3633 541 3714; x_wconf 89' lang='lat' dir='ltr'><strong>prima</strong></span> <span class='ocrx_word' id='word_1_260' title='bbox 558 3633 729 3714; x_wconf 89' lang='lat' dir='ltr'><strong>pertineta</strong></span> <span class='ocrx_word' id='word_1_261' title='bbox 752 3635 835 3712; x_wconf 63' lang='lat'>§35-</span> <span class='ocrx_word' id='word_1_262' title='bbox 858 3632 1018 3714; x_wconf 90' lang='lat' dir='ltr'><strong>usquead</strong></span> <span class='ocrx_word' id='word_1_263' title='bbox 1040 3635 1133 3713; x_wconf 59' lang='lat'><strong>537,</strong></span> <span class='ocrx_word' id='word_1_264' title='bbox 1156 3633 1259 3696; x_wconf 90' lang='lat' dir='ltr'><strong>altera</strong></span> <span class='ocrx_word' id='word_1_265' title='bbox 1281 3651 1300 3694; x_wconf 92' lang='lat' dir='ltr'><strong>a</strong></span> 
     </span>
     <span class='ocr_line' id='line_1_34' title="bbox 180 3733 1300 3820; baseline 0 -22"><span class='ocrx_word' id='word_1_266' title='bbox 180 3737 265 3816; x_wconf 63' lang='lat'><strong>§38</strong></span> <span class='ocrx_word' id='word_1_267' title='bbox 289 3754 387 3816; x_wconf 86' lang='lat' dir='ltr'><strong>usque</strong></span> <span class='ocrx_word' id='word_1_268' title='bbox 411 3735 453 3797; x_wconf 91' lang='lat' dir='ltr'><strong>ad</strong></span> <span class='ocrx_word' id='word_1_269' title='bbox 468 3737 487 3814; x_wconf 66' lang='grc' dir='ltr'>ξ</span> <span class='ocrx_word' id='word_1_270' title='bbox 504 3739 561 3815; x_wconf 79' lang='lat' dir='ltr'><strong>ll,</strong></span> <span class='ocrx_word' id='word_1_271' title='bbox 591 3735 686 3798; x_wconf 89' lang='lat' dir='ltr'><strong>tertia</strong></span> <span class='ocrx_word' id='word_1_272' title='bbox 709 3735 846 3816; x_wconf 91' lang='lat' dir='ltr'><strong>denique</strong></span> <span class='ocrx_word' id='word_1_273' title='bbox 869 3753 889 3798; x_wconf 88' lang='lat' dir='ltr'><strong>a</strong></span> <span class='ocrx_word' id='word_1_274' title='bbox 913 3733 997 3819; x_wconf 71' lang='lat'><strong>§42</strong></span> <span class='ocrx_word' id='word_1_275' title='bbox 1021 3753 1119 3817; x_wconf 91' lang='lat' dir='ltr'><strong>usque</strong></span> <span class='ocrx_word' id='word_1_276' title='bbox 1143 3735 1186 3798; x_wconf 90' lang='lat' dir='ltr'><strong>ad</strong></span> <span class='ocrx_word' id='word_1_277' title='bbox 1217 3734 1300 3820; x_wconf 71' lang='lat' dir='ltr'><strong>§aa</strong></span> 
     </span>
    </p>
   </div>
   <div class='ocr_carea' id='block_1_3' title="bbox 177 3933 1298 4350">
    <p class='ocr_par' dir='ltr' id='par_1_6' title="bbox 177 3933 1298 4350">
     <span class='ocr_line' id='line_1_35' title="bbox 178 3933 1298 4008; baseline 0.001 -17"><span class='ocrx_word' id='word_1_278' title='bbox 178 3956 233 4005; x_wconf 87' lang='grc' dir='ltr'><strong><em>μεν</em></strong></span> <span class='ocrx_word' id='word_1_279' title='bbox 251 3940 334 4005; x_wconf 88' lang='lat' dir='ltr'><strong>(quae</strong></span> <span class='ocrx_word' id='word_1_280' title='bbox 347 3935 504 3990; x_wconf 86' lang='lat' dir='ltr'><strong>referuntur</strong></span> <span class='ocrx_word' id='word_1_281' title='bbox 523 3937 558 3989; x_wconf 87' lang='lat' dir='ltr'><strong>ad</strong></span> <span class='ocrx_word' id='word_1_282' title='bbox 572 3937 657 3991; x_wconf 87' lang='lat' dir='ltr'><strong>verba</strong></span> <span class='ocrx_word' id='word_1_283' title='bbox 670 3954 740 4005; x_wconf 86' lang='lat' dir='ltr'><strong>quae</strong></span> <span class='ocrx_word' id='word_1_284' title='bbox 754 3944 818 3992; x_wconf 87' lang='lat' dir='ltr'><strong>sunt</strong></span> <span class='ocrx_word' id='word_1_285' title='bbox 835 3933 908 4008; x_wconf 86' lang='grc' dir='ltr'><strong><em>πρὸς</em></strong></span> <span class='ocrx_word' id='word_1_286' title='bbox 927 3933 999 4000; x_wconf 79' lang='grc' dir='ltr'><strong><em>τοὺς.</em></strong></span> <span class='ocrx_word' id='word_1_287' title='bbox 1014 3933 1201 4004; x_wconf 74' lang='grc' dir='ltr'><strong><em>θεσμοθέτας</em></strong></span> <span class='ocrx_word' id='word_1_288' title='bbox 1215 3936 1298 4008; x_wconf 76' lang='grc' dir='ltr'><strong><em>ε’παγ·</em></strong></span> 
     </span>
     <span class='ocr_line' id='line_1_36' title="bbox 178 4016 1298 4096; baseline -0.002 -19"><span class='ocrx_word' id='word_1_289' title='bbox 178 4019 304 4092; x_wconf 78' lang='grc' dir='ltr'><strong><em>γέλλειν)</em></strong></span> <span class='ocrx_word' id='word_1_290' title='bbox 322 4028 349 4076; x_wconf 85' lang='lat' dir='ltr'><strong>et</strong></span> <span class='ocrx_word' id='word_1_291' title='bbox 373 4039 405 4076; x_wconf 88' lang='lat' dir='ltr'><strong>ea</strong></span> <span class='ocrx_word' id='word_1_292' title='bbox 424 4039 494 4092; x_wconf 89' lang='lat' dir='ltr'><strong>quae</strong></span> <span class='ocrx_word' id='word_1_293' title='bbox 513 4031 579 4076; x_wconf 80' lang='lat' dir='ltr'><strong>sarit</strong></span> <span class='ocrx_word' id='word_1_294' title='bbox 596 4027 622 4088; x_wconf 62' lang='grc' dir='ltr'><strong>(ᾗ</strong></span> <span class='ocrx_word' id='word_1_295' title='bbox 642 4027 698 4088; x_wconf 80' lang='lat'><strong>25):</strong></span> <span class='ocrx_word' id='word_1_296' title='bbox 726 4020 830 4076; x_wconf 80' lang='grc' dir='ltr'><strong><em>Σόλων</em></strong></span> <span class='ocrx_word' id='word_1_297' title='bbox 853 4016 904 4091; x_wconf 82' lang='grc' dir='ltr'><strong>οδχ</strong></span> <span class='ocrx_word' id='word_1_298' title='bbox 930 4018 972 4078; x_wconf 65' lang='lat' dir='ltr'><strong>{vt</strong></span> <span class='ocrx_word' id='word_1_299' title='bbox 991 4017 1082 4077; x_wconf 71' lang='lat' dir='ltr'><strong>ideas</strong></span> <span class='ocrx_word' id='word_1_300' title='bbox 1101 4020 1201 4096; x_wconf 81' lang='grc' dir='ltr'><strong><em>τρόπῳ</em></strong></span> <span class='ocrx_word' id='word_1_301' title='bbox 1220 4023 1298 4091; x_wconf 82' lang='grc' dir='ltr'><strong><em>δίκην</em></strong></span> 
     </span>
     <span class='ocr_line' id='line_1_37' title="bbox 177 4108 1296 4180; baseline -0.003 -16"><span class='ocrx_word' id='word_1_302' title='bbox 177 4113 277 4180; x_wconf 83' lang='grc' dir='ltr'><strong><em>λαβεῖν</em></strong></span> <span class='ocrx_word' id='word_1_303' title='bbox 301 4117 328 4162; x_wconf 88' lang='lat' dir='ltr'><strong>et</strong></span> <span class='ocrx_word' id='word_1_304' title='bbox 352 4124 422 4177; x_wconf 83' lang='lat' dir='ltr'><strong>quae</strong></span> <span class='ocrx_word' id='word_1_305' title='bbox 448 4108 560 4175; x_wconf 88' lang='lat' dir='ltr'><strong>similia,</strong></span> <span class='ocrx_word' id='word_1_306' title='bbox 585 4110 754 4175; x_wconf 88' lang='lat' dir='ltr'><strong>respondere</strong></span> <span class='ocrx_word' id='word_1_307' title='bbox 779 4123 825 4162; x_wconf 88' lang='lat' dir='ltr'><strong>reo</strong></span> <span class='ocrx_word' id='word_1_308' title='bbox 849 4109 956 4162; x_wconf 88' lang='lat' dir='ltr'><strong>iudioes</strong></span> <span class='ocrx_word' id='word_1_309' title='bbox 975 4115 1068 4162; x_wconf 86' lang='lat' dir='ltr'><strong>orator</strong></span> <span class='ocrx_word' id='word_1_310' title='bbox 1091 4110 1159 4162; x_wconf 88' lang='lat' dir='ltr'><strong>vult.</strong></span> <span class='ocrx_word' id='word_1_311' title='bbox 1201 4110 1296 4178; x_wconf 87' lang='lat' dir='ltr'><strong>Itaque</strong></span> 
     </span>
     <span class='ocr_line' id='line_1_38' title="bbox 178 4190 1296 4263; baseline -0.004 -14"><span class='ocrx_word' id='word_1_312' title='bbox 178 4196 271 4250; x_wconf 84' lang='lat' dir='ltr'><strong>scribo</strong></span> <span class='ocrx_word' id='word_1_313' title='bbox 290 4190 381 4248; x_wconf 75' lang='grc' dir='ltr'><strong>ταύτά</strong></span> <span class='ocrx_word' id='word_1_314' title='bbox 394 4201 421 4246; x_wconf 89' lang='lat' dir='ltr'><strong>et</strong></span> <span class='ocrx_word' id='word_1_315' title='bbox 440 4194 549 4260; x_wconf 81' lang='lat' dir='ltr'><strong>explico</strong></span> <span class='ocrx_word' id='word_1_316' title='bbox 566 4194 613 4260; x_wconf 86' lang='lat' dir='ltr'><strong>ita,</strong></span> <span class='ocrx_word' id='word_1_317' title='bbox 632 4201 663 4246; x_wconf 86' lang='lat' dir='ltr'><strong>ut</strong></span> <span class='ocrx_word' id='word_1_318' title='bbox 682 4209 803 4248; x_wconf 89' lang='lat' dir='ltr'><strong>summae</strong></span> <span class='ocrx_word' id='word_1_319' title='bbox 821 4195 1044 4247; x_wconf 86' lang='lat' dir='ltr'><strong>antecedentium</strong></span> <span class='ocrx_word' id='word_1_320' title='bbox 1062 4194 1296 4263; x_wconf 87' lang='lat' dir='ltr'><strong>paragraphorum</strong></span> 
     </span>
     <span class='ocr_line' id='line_1_39' title="bbox 177 4278 897 4350; baseline -0.008 -14"><span class='ocrx_word' id='word_1_321' title='bbox 177 4281 342 4350; x_wconf 84' lang='lat' dir='ltr'><strong>sententiae,</strong></span> <span class='ocrx_word' id='word_1_322' title='bbox 361 4293 430 4347; x_wconf 87' lang='lat' dir='ltr'><strong>quas</strong></span> <span class='ocrx_word' id='word_1_323' title='bbox 449 4278 530 4331; x_wconf 91' lang='lat' dir='ltr'><strong>modo</strong></span> <span class='ocrx_word' id='word_1_324' title='bbox 550 4279 669 4346; x_wconf 88' lang='lat' dir='ltr'><strong>laudavi,</strong></span> <span class='ocrx_word' id='word_1_325' title='bbox 689 4279 897 4332; x_wconf 86' lang='lat' dir='ltr'><strong>subaudiantur.</strong></span> 
     </span>
    </p>
   </div>
   <div class='ocr_carea' id='block_1_4' title="bbox 0 0 1482 4824">
    <p class='ocr_par' dir='ltr' id='par_1_7' title="bbox 0 0 1482 4824">
     <span class='ocr_line' id='line_1_40' title="bbox 0 0 1482 4824; baseline 0 6"><span class='ocrx_word' id='word_1_326' title='bbox 0 0 1482 4824; x_wconf 95' lang='lat' dir='ltr'><strong> </strong></span> 
     </span>
    </p>
   </div>
  </div>
 </body>
</html>
