2998 4826
715 383 890 437 „24-

308 525 351 578 Ex
377 525 430 594 his,
456 541 530 594 quac
550 525 587 580 de
606 525 735 580 oratione
754 526 915 586 XXXXVI.
935 527 1150 596 disputavimus,
1180 526 1251 580 satis
1279 525 1402 580 elucere

217 637 288 702 puto
309 636 454 687 auctorem
474 633 542 700 eius,
568 638 601 686 ut
619 633 797 702 propositam
821 648 881 687 rem
908 634 1126 702 demonstraret,
1151 649 1258 702 magna
1284 633 1399 686 astutia
1480 649 1481 656 ¹

219 744 306 807 atque
327 737 482 792 ealliditate
502 744 672 807 argumenta
692 739 918 810 excogitavisse3
944 747 1002 794 tam
1029 746 1162 808 argutum
1182 755 1213 794 se
1239 739 1402 808 praestitit,
1480 749 1481 768 ¹

219 849 252 898 ut
271 843 446 898 audientium
466 845 681 900 admirationem
708 846 879 900 excitavisse
902 846 1035 901 videatur
1044 848 1080 918 1);
1104 863 1197 915 neque
1223 850 1323 900 tamen
1352 861 1403 898 ac·

220 955 320 1006 curate
339 951 482 1020 legentem
503 952 684 1022 sophismatis
710 954 770 1008 eius
789 952 848 1008 falli
867 969 953 1023 posse
972 954 1165 1008 Rehdantzius
1184 958 1263 1008 recte
1284 951 1404 1020 dixit2).

310 1059 370 1112 Iam
390 1075 464 1113 nuno
484 1060 628 1128 agendum
647 1067 692 1114 est

398 1293 427 1356 5.
466 1291 514 1355 De
538 1295 812 1376 argumentatione
836 1295 987 1358 orationis
1010 1293 1220 1358 XXXXVII.
1266 1372 1270 1380 .

313 1467 411 1536 Actor,
438 1469 485 1537 qui
510 1469 584 1524 hanc
610 1470 765 1524 orationem
789 1469 842 1523 sibi
862 1469 1097 1524 conscribendam
1118 1470 1237 1538 curavit,
1263 1469 1292 1523 in
1314 1475 1407 1529 αἰκίας

223 1573 376 1644 aetione³),
396 1593 480 1645 quam
501 1583 599 1631 contra
613 1576 827 1645 Theophemum
840 1577 1013 1645 intenderat,
1032 1577 1200 1650 παηαηηαηη
1214 1582 1243 1631 et
1257 1571 1406 1649 ὑπωμοσίᾳ

223 1683 249 1747 (§
269 1681 314 1750 45)
334 1683 510 1751 interpositis
530 1684 567 1738 ab
587 1684 753 1738 adversario
772 1684 801 1737 in
820 1683 924 1738 iudicio
948 1684 1153 1738 condemnatus
1173 1689 1243 1751 erat,
1269 1684 1406 1752 primum,

225 1787 303 1856 quod
322 1789 454 1856 Euergus
474 1796 503 1850 ct
522 1791 696 1845 dinesibuius
715 1796 806 1845 testes
831 1789 953 1858 fuerant,
980 1797 1104 1846 actorem
1130 1789 1289 1858 mulierem,
1317 1805 1406 1857 quarn
1480 1823 1481 1842 2

228 1893 428 1962 Tlrcophemus
449 1909 479 1950 se
499 1897 527 1950 iu
547 1897 602 1951 alio
623 1903 769 1968 conventu,
786 1897 983 1964 (8881914)
1003 1897 1040 1950 ad
1054 1895 1210 1950 cruciatum
1229 1894 1406 1948 traditurum

228 2016 292 2054 esse
313 2002 390 2070 apud
410 2004 547 2058 arbitrum
567 2003 754 2072 promisisset,
773 2019 866 2072 neque
885 2003 1014 2071 recipere
1034 2018 1127 2070 neque
1147 2018 1205 2056 rem
1225 2001 1336 2055 differri
1356 2017 1407 2055 vo-

228 2105 314 2160 luisse
334 2110 376 2173 (§§
390 2111 415 2176 6,
430 2111 471 2178 13,
485 2112 521 2178 5),
541 2117 609 2180 tum,
629 2111 695 2180 quia
714 2111 822 2166 iudices
836 2111 925 2166 actori
939 2114 1169 2176 succensueraut,
1188 2108 1266 2176 quod
1279 2107 1407 2176 pignora

228 2219 365 2281 capturus
394 2216 431 2269 ad
455 2219 542 2272 aedes
568 2218 743 2287 Theoplremi
768 2219 894 2273 venisset
922 2219 948 2284 (ξ
975 2217 1063 2285 79)4),
1092 2214 1277 2284 Theophemo
1308 2219 1406 2268 autem

227 2321 361 2376 benevoli
380 2321 493 2378 fuerant
512 2326 555 2391 (§§
568 2325 611 2379 46.
630 2322 865 2398 προσποιούμενος
878 2319 976 2384 ἄκακος
989 2325 1065 2386 εἶναι,
1085 2324 1127 2377 82.
1147 2327 1182 2374 Ei
1200 2321 1234 2374 dr
1248 2342 1289 2380 τις
1308 2317 1409 2390 ἀγαθή·

229 2443 279 2486 σας
298 2423 396 2488 αι’·τούς
415 2425 472 2482 τότε
493 2427 610 2492 ἀκάκους
626 2427 740 2501 ἡγήσατο
758 2439 804 2486 καὶ
824 2429 1006 2505 ἀπράγμονας
1019 2433 1105 2501 rimu).
1138 2431 1208 2484 Cum
1225 2445 1294 2484 vero
1309 2435 1409 2483 orator

229 2535 258 2588 in
277 2536 368 2603 prima
386 2544 470 2606 parte
490 2540 626 2594 orationis
646 2542 790 2610 Euergum
810 2547 839 2595 et
857 2541 1044 2596 diuesibulum
1067 2538 1132 2593 salsi
1151 2536 1307 2592 testimonii
1327 2553 1408 2590 coar·

229 2657 319 2709 guare
339 2644 457 2700 studeat
476 2646 636 2715 (gat-17),
655 2647 683 2701 in
704 2648 794 2702 altera
812 2653 907 2702 autern
927 2663 1024 2700 omncs
1037 2646 1123 2713 rixas,
1143 2661 1217 2713 quae
1231 2643 1323 2697 actori
1344 2660 1408 2697 cum

231 2748 414 2818 Theopheme
435 2759 524 2822 erant,
544 2751 634 2810 fusius
655 2761 769 2810 enarret
788 2758 830 2823 (ἓξ
843 2755 968 2822 18-18),
988 2753 1048 2807 sine
1062 2752 1158 2819 dubio,
1177 2757 1208 2804 ut
1227 2749 1339 2812 iudices
1358 2765 1409 2804 reo

230 2855 392 2912 irascantur
412 2861 437 2928 (ξ
458 2861 510 2928 19),
536 2862 657 2916 maxime
677 2869 846 2931 propterea,
872 2860 949 2929 quod
968 2859 996 2912 in
1016 2859 1121 2913 actoris
1148 2857 1235 2911 aedes
1259 2856 1410 2910 invaserat

231 2963 258 3032 (ᾗ
273 2964 326 3030 19),
346 2966 436 3018 actori
456 2974 551 3020 autem
570 2967 689 3022 faveant
707 2972 749 3035 (55
769 2969 812 3036 44,
832 2969 886 3036 81),
907 2983 1027 3035 eumque
1047 2965 1110 3036 §48
1130 2964 1222 3017 dieat:
1242 2963 1341 3027 dantia
1361 2955 1411 3018 ndu

233 3065 330 3128 (ῑῧῖθῧς
349 3071 376 3137 (ἰ.
388 3087 411 3126 e.
426 3072 649 3144 Theophemum)
669 3075 712 3128 dai
724 3076 799 3142 diam*
812 3074 917 3136 doinn,
937 3067 978 3126 ὅτι
991 3092 1017 3126 τε
1031 3068 1195 3139 ἐξηπάτησαν
1207 3065 1270 3129 τοῦς
1282 3066 1413 3128 δικαστὰς

234 3175 343 3242 tyrroda}
353 3185 506 3251 μαρτυρίαις
518 3176 733 3252 παρασχόμενοι,
752 3181 880 3248 κηδεστοῦ
894 3187 938 3234 καὶ
952 3177 1080 3251 (diduci,
1100 3185 1144 3231 καὶ
1158 3170 1199 3229 ὅτι
1212 3179 1260 3250 ἐμὲ
1273 3172 1410 3243 ἠδίκησαν,

234 3299 291 3336 nou
311 3283 473 3352 dubitarim,
492 3287 560 3354 quin
579 3287 634 3342 hae
652 3294 750 3342 nostra
764 3290 892 3343 oratione
907 3305 993 3368 causa
1008 3292 1096 3345 αἰκίας
1108 3286 1145 3340 ab
1159 3290 1257 3339 actore
1273 3283 1301 3336 in
1316 3283 1409 3337 Theo·

233 3389 367 3457 piramum
387 3392 518 3447 instituta
537 3401 641 3463 agatur
654 3411 745 3464 eaque
759 3401 839 3451 actor
853 3394 965 3451 efficere
979 3395 1056 3463 velit,
1075 3399 1107 3447 ut
1120 3390 1302 3446 adversarius
1322 3396 1412 3449 «crarta

326 3607 346 3676 ¹)
366 3613 381 3672 ἓ
401 3609 449 3662 17:
475 3609 531 3661 εἶτα
556 3609 586 3664 δὲ
612 3607 676 3664 οὐδὲ
703 3607 815 3665 iddzovr
841 3611 887 3681 ἐμὲ
912 3600 980 3662 uiro
1006 3603 1096 3663 danda
1115 3607 1223 3659 ἔσεσθαι
1242 3595 1306 3656 ὥστε
1326 3603 1410 3656 ταῦτα

236 3689 351 3764 ἀκριβῶς
373 3693 500 3757 ἐξετάσαι.

327 3785 350 3846 ²)
369 3787 400 3840 lu
422 3788 469 3842 rit.
483 3789 586 3858 iphicr.
601 3789 704 3844 Cirabr.
719 3786 841 3846 Timoth.
856 3785 1081 3852 Atheniensium,
1101 3783 1193 3837 Berol.
1209 3781 1287 3848 1845,
1307 3798 1335 3849 p.
1349 3781 1408 3834 192.

330 3877 353 3942 8)
376 3877 416 3930 De
437 3894 476 3930 or.
497 3879 674 3934 XXXXVII.
695 3879 893 3932 disseruerunt
912 3876 1011 3930 Liban.
1031 3874 1058 3927 iu
1079 3889 1198 3941 argum,
1218 3872 1252 3924 A.
1274 3869 1408 3924 Schaefer

228 3971 254 4042 j.
276 3973 293 4024 l·
317 3983 406 4039 pagg.
431 3969 482 4020 193
505 3987 616 4039 proxx,
643 3971 758 4025 Darest.
782 3968 799 4024 1.
819 3966 835 4019 i.
855 3967 877 4034 l,
905 3980 993 4032 pagg.
1019 3963 1072 4016 353
1097 3977 1213 4030 prora,
1242 3959 1333 4012 Blass.
1356 3959 1372 4012 l.
1391 3959 1408 4012 l.

236 4083 328 4136 pagg.
347 4065 400 4120 484
419 4079 535 4134 proxx.3
556 4059 590 4114 ef.
611 4060 696 4114 etiam
716 4054 872 4112 Schaffueri
892 4054 959 4108 diss.
979 4053 996 4106 l.
1016 4067 1105 4120 pagg.
1126 4049 1238 4105 11-12.

327 4158 350 4225 ⁴)
371 4152 412 4209 Cf.
432 4153 523 4207 Blass.
543 4151 560 4204 l.
579 4151 596 4204 1.
617 4167 643 4218 p.
663 4148 717 4202 485
735 4147 794 4200 init.
