2954 4824
205 305 342 414 so¹

204 516 333 604 ἑκάστῳ
369 521 452 601 δοκῇ
489 518 614 584 δέδοικε
650 521 754 584 τοῦτο
790 513 964 602 πράττειν,
1003 508 1089 582 άλλὰ
1122 512 1325 602 προςτάττει

203 627 343 707 πρῶτον
372 622 432 705 μὲν
463 621 613 686 ἐκθεῖναι
641 614 774 705 πρόσθε
803 624 875 685 τῶν
914 617 1103 704 ἐπωνύμων
1137 616 1326 705 γράψαντα,

204 739 344 792 σκοπεῖν
374 727 423 808 τῷ
451 725 660 808 βουλομένῳ,
689 720 773 806 μετὰ
802 714 897 788 ταῦτ’
929 721 984 787 ἐπὶ
1010 727 1095 789 πᾶσι
1125 715 1187 786 τόν
1218 714 1326 786 αύτὸν

203 825 311 913 νόμον
332 826 464 925 τιθέναι
485 822 620 904 κελεύει,
649 817 735 909 πρὸς
756 817 890 900 τούτοις
913 820 1005 889 λύειν
1036 818 1117 902 τούς
1138 823 1325 903 ἐναντίους,

203 927 288 998 άλλα
310 927 436 1016 περὶ
411 953 459 993 οον
482 919 620 994 ούδὲν”
608 947 688 1006 ισοος
708 919 793 1011 ὑμᾶς
815 929 1003 1012 κατεπείγει
1018 931 1083 992 νῦν
1107 919 1258 992 ἀκοῦσαι.
1284 919 1325 991 άν

203 1037 241 1101 δέ
261 1057 311 1142 τις
333 1030 370 1098 ἑν
391 1035 540 1158 παραβῇ,
556 1035 605 1116 τῳ
628 1031 824 1114 βουλομένῳ
849 1031 966 1096 δίδωσι
987 1027 1186 1115 γράφεσθαι
1211 1031 1240 1094 εἰ
1263 1029 1325 1113 μὲν

203 1125 275 1204 οὖν
283 1134 326 1222 μὴ
350 1140 453 1201 πᾶσιν
467 1127 509 1221 ἦν
525 1131 640 1216 ένοχος
659 1137 795 1253 τούτοις
815 1129 1018 1258 Ίιμοκράτης
1034 1134 1089 1197 καὶ
1105 1125 1197 1218 παρὰ
1211 1129 1326 1198 πάντα

201 1243 308 1308 ταῦτα
338 1233 534 1324 εἰςενηνόχει
570 1233 632 1302 τόι
670 1232 790 1320 νόμον
820 1233 855 1299 έν
886 1229 928 1300 ἂν
957 1226 1065 1301 αύτού
1088 1259 1139 1313 τις
1169 1235 1324 1301 ἐποιεῖτο

203 1339 426 1465 κατηγόρημα,
450 1331 502 1405 ότι
526 1335 653 1425 δήποτε
675 1329 769 1404 τοῦτ’
791 1324 855 1424 ἦν·
872 1341 933 1402 νῦν
957 1329 1022 1402 δΗ
1003 1334 1128 1423 ανάγκη
1152 1331 1266 1403 xu6’‘'
1250 1363 1323 1404 εκα-

202 1465 284 1514 στον
308 1445 410 1528 χωρὶς
432 1443 510 1528 περὶ
541 1434 684 1508 ἑκάστου
724 1436 919 1566 διελόμενον
946 1441 1064 1524 λέγειν.
1093 1446 1241 1564 πρρότον
1262 1444 1324 1526 μὲι

202 1535 273 1628 οὖν,
304 1540 386 1630 ὅπερ
417 1537 554 1632 ἠδίκησε
584 1549 737 1633 πρῶτον,
767 1534 859 1607 τοῦτ
882 1542 959 1628 ἐρεῖ,
989 1532 1035 1621 ὡς
1063 1541 1155 1665 παρὰ
1193 1541 1323 1621 πάντας

201 1649 283 1729 τούς
305 1646 430 1735 νόμους
453 1645 658 1732 ενομοθέτει,
682 1643 751 1712 εἷτα
773 1651 845 1714 τῶν
869 1642 985 1714 άλλῳν
1008 1646 1080 1735 ἑξῆς
1103 1641 1170 1715 ὅτι
1186 1642 1229 1713 άν
1245 1653 1321 1727 βου-

202 1755 355 1882 λομένοις
370 1750 449 1837 ύμῖν
470 1745 604 1816 άκούειν
619 1749 661 1834 6.
673 1751 729 1814 καί
747 1775 804 1834 μοι
819 1751 897 1833 λαβὲ
919 1753 1078 1818 τουτουσὶ
1093 1744 1174 1828 τούς
1198 1748 1321 1836 νόμους

201 1859 258 1923 καὶ
281 1850 466 1941 ἀνάγνωθι.
518 1856 555 1918 In
585 1854 700 1934 quibus
723 1854 828 1919 verbis
856 1856 949 1939 plura
976 1855 1190 1939 suspicionem
1214 1875 1320 1920 meam

201 1967 337 2026 movent.
381 1959 478 2022 Miror
500 1957 593 2040 enim,
623 1957 708 2040 quod
731 1963 847 2039 orator,
877 1959 1062 2043 priusquam
1085 1959 1182 2043 leges,
1211 1978 1320 2024 secun-

199 2064 275 2128 dum
306 2081 388 2145 quas
419 2080 537 2125 novae·
553 2061 641 2142 leges
679 2059 754 2126 ferri
785 2059 937 2142 debeant,
980 2060 1109 2126 recitari
1138 2060 1260 2144 iubeat,
1289 2061 1320 2126 in

199 2167 383 2231 universum
406 2163 446 2230 de
468 2183 579 2228 earum
600 2163 707 2247 legum
731 2169 912 2247 praeceptis
933 2163 1086 2249 disputat,
1108 2183 1192 2246 quae
1214 2165 1322 2248 dispu-

198 2271 278 2336 tatio
306 2268 390 2333 insra
421 2269 506 2348 §26
520 2285 616 2350 seqq,
643 2273 812 2350 postquam
837 2267 925 2349 leges
947 2267 1024 2332 illae
1053 2267 1209 2332 recitatae
1240 2274 1320 2351 suut,

198 2370 403 2458 paucissimis
433 2368 564 2434 mutatis
582 2375 624 2434 ‘et
653 2368 844 2450 quibusdam
874 2369 992 2435 additis
1014 2369 1105 2434 redit.
1147 2372 1320 2436 Praeterea

198 2474 298 2540 uerba
319 2473 385 2556 illa,
407 2492 492 2553 qnae
515 2476 588 2536 suut
609 2473 642 2535 in
665 2471 684 2558 ξ
702 2475 757 2556 19,
780 2476 860 2550 ,νῦν
883 2471 919 2538 66
939 2464 1066 2558 ἀνάγκη
1081 2464 1161 2536 καθ’
1178 2470 1320 2539 ἕκαστον

197 2577 300 2664 χοορὶς
328 2575 405 2661 περὶ
437 2567 581 2640 ἑκάστου
612 2571 806 2659 διελόμενον
836 2576 967 2659 λέγεινί,
999 2575 1027 2639 si
1054 2582 1137 2640 reete
1160 2575 1321 2660 intellego,

181 2681 294 2746 'aliter
314 2663 468 2764 explica'ri
490 2699 555 2744 nou
577 2686 722 2763 possunt,
744 2679 806 2744 nisi
828 2686 863 2744 ut
886 2686 994 2744 orator
1017 2668 1158 2762 seorsum
1183 2679 1225 2745 de
1245 2701 1321 2764 qua·

197 2791 268 2848 tuor
290 2783 359 2848 illis
378 2782 465 2863 locis,
489 2801 568 2864 quos
591 2782 684 2846 modo
708 2783 815 2846 attulit
838 2781 907 2868 (xci
928 2785 1066 2865 πρῶτον
1081 2781 1141 2865 μὲν
1158 2775 1320 2849 ἁπάντων

196 2878 319 2972 χρόνος
342 2921 382 2931 -
405 2879 498 2950 λύειν
520 2881 600 2962 τοὺς
623 2883 809 2969 ἐναντίους)
827 2886 991 2950 ¹disserere
1011 2884 1093 2950 velle
1110 2886 1319 2952 existimetur.

198 2989 312 3069 Neque
342 2993 450 3053 tamen
480 2988 513 3051 in
544 2988 690 3071 sequenti
720 2995 812 3072 parte
843 2987 877 3052 id
906 2988 1001 3071 faoit3
1029 3007 1133 3070 neque
1162 2989 1250 3053 enim
1280 2991 1319 3054 (ie

197 3097 340 3174 tempore
363 3092 414 3155 vel
438 3091 693 3175 promulgatione
716 3089 923 3172 novaelegis
946 3091 1121 3174 separatim
1144 3091 1241 3173 dixit,
1269 3111 1319 3157 nc

197 3211 260 3275 que
282 3191 323 3256 de
345 3193 439 3256 tertio
454 3192 533 3274 loco,
555 3193 608 3274 qui
629 3191 826 3275 significatus
842 3199 891 3258 est
905 3192 955 3257 his
971 3192 1091 3258 verbis:
1113 3190 1197 3277 μετὰ
1210 3197 1318 3260 ταῦτα

197 3292 252 3359 ἐπὶ
281 3297 363 3359 πᾶσι
390 3290 452 3358 τόν
481 3285 585 3359 αὐτόν
614 3291 720 3379 νόμον
748 3295 879 3360 τιθέναι
906 3291 1044 3375 κελεύει,
1067 3299 1196 3361 omnino
1220 3298 1317 3362 verba

197 3398 311 3480 tacita)
367 3397 513 3479 Accedit,
547 3398 632 3480 quod
664 3405 738 3482 post
770 3398 826 3463 illa
861 3398 973 3479 verba,
1012 3417 1096 3480 quae
1134 3405 1219 3463 sunt:
1255 3402 1317 3464 criu

199 3489 369 3584 δάνάγκη
391 3489 471 3563 καθ’
494 3495 636 3564 ἑκαστον
656 3501 758 3585 χωρὶς
785 3501 862 3586 περὶ
888 3495 1029 3565 ἑκάστου
1052 3496 1247 3584 διελόμενον
1269 3502 1317 3566 λέ-

197 3623 277 3686 γειν,
299 3608 427 3684 praeter
448 3605 718 3686 exspectationem
742 3622 806 3666 nou
829 3603 870 3668 ad
886 3603 1022 3686 primum
1044 3623 1151 3668 eorum
1168 3604 1316 3687 locorum,

199 3723 280 3786 quos
310 3704 404 3769 modo
438 3704 615 3789 proposuit,
645 3705 665 3770 i.
680 3725 707 3771 o.
743 3706 785 3770 ad
815 3712 941 3790 tempus
975 3707 1157 3789 rogationes
1186 3707 1317 3792 ferendi,

196 3812 304 3871 orator
318 3805 457 3890 reuertit,
479 3807 534 3872 sed
557 3806 601 3872 ad
616 3808 754 3892 primam
769 3809 867 3873 totins
883 3809 1170 3892 argumentationis
1184 3817 1316 3894 partem.

285 4064 311 4132 1)
328 4062 420 4130 Miror,
445 4062 520 4130 quod
537 4061 662 4116 Blassius
686 4063 715 4116 iu
739 4063 808 4132 6¹8·
832 4062 1010 4131 partitionem
1035 4063 1120 4117 totius
1143 4069 1314 4130 argumenta·

194 4147 280 4203 tionis
299 4145 446 4216 quaesivit,
464 4161 526 4202 cum
544 4149 793 4214 argumentationis
812 4148 917 4216 primae
935 4152 1043 4202 tantum
1061 4149 1148 4216 partis
1173 4149 1314 4204 materiam

196 4231 309 4301 disponi
326 4231 383 4285 illis
400 4231 497 4285 verbis
514 4236 640 4299 apertum
659 4232 703 4285 sit.
