2954 4824
201 351 240 414 18

283 519 303 605 ξ
320 524 369 585 46.
385 520 493 585 verbis
515 519 581 584 his:
602 521 659 584 καὶ
681 521 759 604 περὶ
781 521 843 603 μὲν
864 516 1010 598 τούτων,
1034 509 1075 584 ὃν
1089 515 1223 604 τρόπον
1238 513 1321 604 ὑμᾶς

197 613 385 705 ἀπαγαγών
407 613 475 686 ἀπὸ
505 625 568 687 τοῦ
598 617 707 706 νόμον
736 614 1015 707 παρακρούεσθαι
1045 617 1187 707 ζητήσει,
1218 623 1276 686 καὶ
1302 612 1322 686 ἃ

154 803 157 810 ’
197 721 283 811 πρὸς
315 715 418 789 ταῦθ’
440 723 524 808 ὑμᾶς
558 717 830 810 μνημονεύοντας
856 722 899 810 μή
924 723 1116 811 ἐπιτρέπειν
1150 720 1322 809 προσήκει,

197 823 311 892 πολλὰ
334 827 442 911 λέγειν
465 823 551 910 ἐ’χιον
574 823 631 907 ἔτι,
654 828 711 892 καὶ
726 819 827 892 ταῦθ’
844 823 943 892 ἱκανὰ
959 823 1045 893 εἶναι
1060 827 1209 910 νομίζων
1224 822 1322 904 ἐάσω,

200 937 297 994 lotam
328 936 453 1014 partem
483 930 634 1013 priorem,
665 949 749 1012 quae
778 917 907 1015 proprie
937 931 979 994 ed
1007 949 1139 995 oausam
1163 929 1324 1012 agendam

198 1033 347 1117 pertinet,
376 1032 522 1097 absolvit.
565 1031 637 1110 Qua
660 1032 693 1095 in
717 1034 920 1097 conclusione
942 1038 1072 1117 propter
1094 1032 1155 1116 μεν
1175 1032 1323 1096 vooulam

197 1136 289 1217 inest,
310 1135 452 1199 nondum
473 1135 597 1199 finitam
620 1155 692 1200 esse
715 1135 902 1218 orationem,
923 1137 1010 1218 quod
1034 1135 1145 1218 qnanti
1168 1134 1323 1200 momenti

198 1238 239 1301 sit
264 1238 418 1302 memoria
440 1243 558 1321 tenere,
581 1238 692 1302 statim
715 1237 904 1303 videbimus.

283 1356 367 1443 §ll
383 1358 486 1423 altera
507 1378 593 1443 pars,
616 1377 701 1440 quae
724 1358 756 1421 in
779 1358 951 1441 partitione
975 1357 1068 1423 huius
1086 1357 1242 1422 orationis
1258 1377 1323 1424 ver-

199 1461 258 1543 bis,
280 1480 364 1543 quae
387 1466 472 1527 sunt:
494 1461 572 1545 περὶ
596 1450 645 1525 ὧν
661 1448 762 1537 οὗτος
785 1461 926 1548 δημοσίᾳ
948 1460 1236 1545 πεπολιτευμένος
1259 1453 1323 1526 οὐκ

198 1553 296 1646 ὀλίγα
318 1556 403 1647 ὑμᾶς
426 1560 571 1648 ἔβλαψεν
594 1565 627 1648 (ὅ
645 1564 696 1649 3.),
718 1563 898 1647 significata
922 1570 978 1648 est,
1010 1565 1057 1628 sio
1078 1563 1205 1647 incipit:
1235 1555 1323 1628 Βού-

198 1670 297 1749 λομαι
321 1664 356 1730 δὲ
378 1667 434 1730 καὶ
456 1658 500 1731 τὰ
520 1659 751 1750 πολιτεύματα
774 1663 925 1748 ἐξετάσαι
947 1669 1009 1732 τοῦ
1033 1670 1141 1731 καλοῦ
1163 1656 1323 1751 κάγαθοῦ

198 1764 334 1850 τούτου,
365 1760 407 1834 δι’
423 1757 473 1835 ὦν
497 1762 560 1835 ουκ
584 1760 656 1835 ἔσθ’
672 1763 726 1835 ὅτι
748 1772 818 1834 τῶν
842 1768 1048 1836 δεινοτάτων
1072 1767 1240 1834 ἐλλείπων
1263 1793 1323 1852 φα-

199 1867 344 1956 νήσεται.
391 1870 481 1950 Quae
503 1892 580 1957 pars
603 1893 704 1955 usque
734 1873 778 1936 ad
805 1873 899 1938 finem
922 1873 1082 1956 orationis,
1107 1893 1203 1955 quem
1227 1871 1325 1936 tradi·

198 1981 265 2038 tum
288 1975 450 2058 habemus,
473 1975 620 2058 pertinet.
664 1975 728 2040 Sed
751 1995 821 2041 oum
845 1983 945 2042 totam
970 1975 1055 2041 hano
1076 1981 1207 2060 partem,
1225 1974 1323 2040 etiam

198 2079 231 2142 in
254 2077 458 2143 Timocraten
480 2077 595 2142 iisdem
618 2078 684 2143 fere
706 2078 811 2143 verbis
834 2099 1022 2163 expressam
1044 2079 1198 2162 legamus,
1228 2098 1325 2161 quae-

198 2173 284 2262 ritur,
306 2180 361 2244 ubi
382 2179 512 2244 tandem
536 2200 629 2244 sunm
651 2179 756 2246 looum
779 2181 968 2265 primarium
991 2181 1121 2248 habeat.
1158 2181 1230 2245 Iam
1254 2200 1324 2245 oum

197 2281 283 2365 inde,
305 2281 389 2364 quod
413 2281 506 2346 modo
528 2281 678 2366 indicavi,
701 2289 769 2347 tum
792 2285 818 2348 si
842 2283 1099 2368 comparabimus
1122 2303 1170 2367 ea,
1193 2283 1324 2366 quaein

198 2385 419 2450 Androtionea
442 2383 588 2467 legimus,
611 2405 682 2449 oum
704 2385 754 2467 iis,
776 2405 861 2468 quae
883 2385 917 2450 in
933 2386 1136 2451 Timocratea
1157 2385 1326 2451 inveniun-

198 2492 258 2568 tur,
287 2486 518 2570 intellegemus,
548 2507 611 2552 non
638 2507 734 2571 posse
763 2487 821 2552 illa
844 2489 945 2553 verba
968 2489 1114 2573 separari
1137 2487 1181 2552 ab
1203 2488 1326 2552 Andro

198 2590 323 2671 tionea,
352 2588 386 2653 id
416 2588 501 2672 quod
531 2609 571 2654 ex
601 2590 704 2655 altera
734 2589 829 2656 huius
853 2589 1087 2655 dissertationis
1110 2598 1210 2674 parte,
1242 2609 1325 2671 quae

198 2692 327 2777 proprie
357 2691 400 2756 ad
423 2691 661 2758 Timooreteam
693 2693 845 2779 pertinet,
873 2692 1053 2758 evidentius
1075 2692 1219 2758 elueebit.
1267 2692 1323 2760 Cui

114 2847 120 2859 .
199 2795 377 2871 sententiae
399 2795 629 2880 impedimento
653 2815 724 2860 esse
746 2796 849 2880 primo
873 2795 984 2860 obtutu
1007 2795 1155 2860 videntur
1175 2795 1239 2860 duo
1255 2797 1324 2880 loei,

200 2897 255 2980 qui
283 2898 316 2962 in
339 2896 559 2962 Androtionea
587 2897 766 2980 traduntur,
797 2885 994 2980 quemquam
1024 2897 1069 2961 ibi
1097 2897 1327 2982 intolerabiles,

199 3001 425 3065 l'imoorateae
458 3006 566 3064 autem
601 2999 661 3064 soli
691 2996 928 3064 aooommodati
956 3006 1036 3064 sunt.
1089 2999 1140 3064 Ex
1169 2998 1221 3064 his
1248 3001 1326 3066 loeis

198 3123 281 3168 unus
296 3107 344 3167 est
358 3100 595 3169 Androtioneae
611 3100 701 3187 §67.,
718 3102 768 3167 oui
783 3103 1008 3168 Timoorateae
1024 3105 1044 3183 ξ
1059 3105 1127 3166 174.
1142 3103 1324 3186 respondet

200 3205 291 3284 Quae
313 3204 413 3269 verba
437 3204 463 3268 si
486 3206 559 3287 quis
582 3203 841 3286 oonsideraverit,
862 3205 896 3269 in
919 3205 1139 3270 Androtionea
1163 3203 1240 3270 ferri
1263 3225 1325 3270 non

199 3326 295 3392 posse
325 3306 500 3390 intelleget,
531 3327 602 3371 oum
632 3306 749 3390 plurali
776 3326 907 3372 numero
931 3306 1114 3390 verborum,
1143 3314 1326 3389 quaesunt

92 3445 94 3449 ,
199 3407 383 3495 μετέχουσι,
405 3397 642 3495 ὑφαιροῦνται,
666 3412 887 3493 καρποῦνται,
909 3409 942 3472 in
958 3407 1185 3492 Androtionea,
1208 3409 1263 3474 ubi
1285 3409 1324 3473 de

200 3532 263 3577 uno
286 3511 483 3577 Androtione
505 3512 618 3595 egitur,
640 3512 747 3576 nullus
769 3513 857 3577 loeus
880 3511 934 3595 sit,
955 3517 1068 3577 eontra
1092 3511 1209 3578 habere
1231 3532 1322 3576 suum

200 3615 304 3679 loeum
327 3615 361 3679 in
384 3614 588 3680 Timocratee
612 3621 757 3700 apparet.
803 3613 907 3692 Quam
930 3614 970 3679 ob
993 3633 1060 3678 rem
1085 3613 1126 3678 ed
1148 3613 1323 3678 tollendam

201 3715 284 3781 hano
313 3715 534 3782 difficultatem
565 3717 724 3802 duplioem
755 3717 841 3781 viam
869 3716 943 3791 viri,
960 3715 1046 3780 dooti
1078 3715 1214 3799 ingressi
1245 3721 1324 3780 sunt

200 3818 397 3904 Nitsehius1)
427 3819 513 3884 enim
542 3819 699 3904 pluralem
729 3821 762 3884 in
793 3817 989 3901 singularem
1018 3838 1184 3884 numerum
1213 3821 1324 3902 mutat,

200 3920 464 3986 Funkhaenelius
474 3920 500 4007 Ξ)
523 3928 630 3988 autem
646 3922 744 3988 verba
765 3921 806 3986 ab
828 3911 1045 3999 ,ὅτιτούτων
1059 3921 1121 4004 μὲν
1136 3921 1324 4004 μετέχουσι(

289 4143 317 4210 1)
333 4142 375 4195 Ι)ε
395 4141 557 4197 traiciendis
575 4140 704 4210 pertibus
722 4141 751 4194 in
768 4140 912 4196 Demosth.
930 4145 1010 4194 orett.
1029 4140 1149 4196 These.

288 4228 316 4294 2)
333 4225 366 4279 In
385 4226 474 4280 Iahnii
493 4225 639 4280 annalibus
658 4229 770 4280 a.1856.
