2998 4826
733 393 907 448 ..20-

231 558 331 621 tatum,
350 568 406 621 quo
426 557 531 619 orator,
551 557 582 606 ut
593 551 786 606 Callistratum
805 553 930 610 tacuisse
950 555 1071 626 evineat,
1094 559 1192 628 utitur,
1212 577 1276 616 eum
1299 564 1345 618 ab
1369 565 1420 618 ad-

155 699 158 704 .
230 659 358 714 versario
378 674 433 713 nou
452 657 588 714 falsorum
607 659 832 714 testimoniorum
852 668 1016 718 accusatum
1036 680 1109 734 esse,
1129 666 1268 722 infirmum
1282 675 1338 724 est
1360 687 1420 724 non

230 783 283 836 per
302 782 333 820 se
352 767 450 833 solum,
470 766 521 820 sed
540 765 635 834 etiam,
654 767 731 835 quod
751 768 942 824 testimonium
963 770 1153 832 desideratur.
1184 775 1322 844 Denique
1347 795 1421 832 eon—

230 873 322 928 tendit
342 873 475 928 debuisse
490 873 721 943 Olympiodorum
740 875 902 972 pactionem
922 878 1000 946 apud
1018 877 1221 935 Androclidcm
1240 883 1420 951 depositam
1479 933 1480 936 ,

229 987 262 1035 ut
276 999 293 1035 a
306 981 470 1035 Callistrato
489 980 651 1049 neglectam
671 980 765 1034 multis
785 982 907 1036 testibus
927 983 1026 1038 accitis
1046 985 1152 1040 irritam
1166 987 1288 1044 reddere
1309 991 1345 1056 (ἓ
1357 991 1419 1058 46).

231 1089 282 1143 Oui
301 1089 350 1157 rei,
369 1105 443 1157 quae
462 1088 624 1143 testimonio
644 1087 826 1144 confirmatur
845 1090 871 1160 (ᾖ
888 1090 943 1160 47),
963 1091 1030 1146 nihil
1049 1098 1094 1148 est
1112 1095 1304 1166 tribuendum,
1327 1097 1418 1166 quod

230 1197 267 1251 ad
286 1197 406 1265 primunr
424 1201 550 1265 pactum,
569 1194 645 1264 quod
665 1195 692 1248 in
712 1212 800 1250 carisa
814 1211 853 1250 or.
866 1197 1053 1252 XXXXVlll.
1067 1201 1169 1255 nullius
1187 1204 1325 1258 momenti
1342 1221 1418 1259 esse

230 1304 296 1371 dixi,
316 1307 430 1373 spectat
449 1302 582 1372 quodque
597 1302 816 1372 olympiodorus
830 1303 885 1356 iam
906 1320 949 1373 eo,
968 1305 1045 1374 quod
1065 1307 1226 1376 pactionem
1245 1311 1336 1377 plane
1361 1329 1417 1366 nc-

229 1412 327 1481 glexit,
353 1411 423 1464 satis
448 1425 479 1464 se
506 1409 659 1478 quidquam
685 1409 738 1463 sibi
761 1426 823 1464 eum
844 1427 877 1464 eo
898 1426 961 1465 esso
981 1413 1055 1467 nollc
1075 1415 1208 1474 ostendit.
1246 1416 1417 1472 Obieeerat

228 1517 360 1587 denique,
386 1523 418 1571 ut
443 1516 617 1586 supradixi,
645 1515 825 1570 adversarius
848 1533 879 1572 se
900 1518 1063 1574 Callistrato
1084 1523 1202 1576 alteram
1228 1523 1372 1578 domuum
1396 1542 1415 1579 a

229 1625 344 1680 Conone
368 1625 530 1679 relictarum
553 1610 693 1678 locavisse
718 1629 749 1677 et
768 1625 821 1677 300
846 1624 997 1680 drachmas
1021 1642 1104 1683 servo
1130 1633 1260 1682 extortas
1286 1637 1413 1686 mutuas

228 1732 343 1787 dedisse
363 1733 405 1799 (§§
423 1730 549 1798 44-45).
586 1730 647 1784 Hoc
666 1746 765 1784 rerum
785 1747 848 1786 esse
869 1738 964 1786 orator
991 1739 1092 1806 negat,
1119 1735 1196 1803 quod
1222 1741 1304 1790 actor
1330 1754 1411 1792 nun-

228 1857 313 1910 quam
341 1840 379 1893 ab
408 1838 609 1908 Olympiodoro
645 1853 737 1906 neque
766 1839 863 1892 locarii
891 1855 947 1894 non
976 1841 1061 1894 soluti
1089 1857 1181 1910 neque
1210 1843 1246 1896 de
1276 1850 1409 1910 argento

227 1947 389 2016 postulatus
408 1947 445 2000 sit
464 1948 489 2014 (ξ
506 1945 562 2013 45).
598 1945 691 1999 Etiam
710 1943 755 1998 hio
775 1946 937 2000 testimonia
956 1946 1113 2002 desideras.

317 2072 421 2126 Verum
441 2070 513 2124 haee
533 2069 671 2124 hactenus
691 2070 726 2124 de
747 2072 995 2139 argumentatione
1019 2073 1154 2127 orationis
1174 2073 1364 2131 XXXXVIll.

316 2196 376 2250 ram
402 2203 441 2262 ut,
466 2211 538 2264 quae
565 2195 600 2251 ue
627 2195 804 2250 orationibus
822 2196 942 2255 xxxv.
961 2197 1120 2256 xxxxur.
1140 2170 1331 2260 xxxxvur.
1358 2205 1405 2256 rn-

227 2304 405 2374 dagavimus,
426 2304 654 2372 complectamur,
680 2301 752 2357 haec
772 2308 942 2358 statuemus:
963 2305 991 2358 in
1015 2305 1092 2359 nulla
1112 2321 1208 2359 earurn
1229 2321 1264 2360 ea
1284 2323 1347 2378 res,
1371 2311 1403 2363 in

227 2429 284 2482 qua
304 2416 393 2465 toturn
414 2427 528 2464 oausam
548 2410 669 2478 positam
697 2425 759 2464 esse
784 2410 942 2465 ostendisse
969 2411 1050 2466 nobis
1076 2411 1218 2480 videmur,
1242 2415 1403 2481 probatur:
1470 2482 1476 2496 1

226 2520 253 2573 in
273 2517 401 2572 oratione
414 2516 532 2571 XXXV.
545 2513 650 2569 frustra
670 2521 846 2584 quaeruntur
861 2523 890 2570 et
903 2518 1104 2588 testimonium,
1124 2535 1180 2587 quo
1200 2520 1401 2576 adversarium

226 2625 390 2680 Artemonis
409 2622 505 2678 fratris
519 2621 708 2676 hereditatem
722 2623 867 2690 accepisse
882 2623 1108 2693 demonstratur,
1129 2631 1159 2680 et
1171 2627 1270 2695 verba,
1290 2628 1400 2695 quibus
1479 2669 1480 2684 t

225 2733 369 2787 Lacritum
383 2734 569 2785 mercatorem
581 2745 644 2784 osse
663 2735 691 2784 et
705 2745 767 2783 curn
781 2734 878 2784 actore
892 2735 1068 2784 contractum
1082 2729 1184 2786 fecisse
1198 2732 1398 2803 contenditur;
1479 2699 1480 2714 χ

225 2839 306 2894 simili
326 2838 408 2892 modo
423 2838 544 2908 scriptor
563 2837 698 2892 orationis
711 2837 871 2895 xxxxru.
884 2837 1052 2892 testimoniis
1066 2837 1251 2907 comprobare
1265 2839 1399 2907 neglexit

224 2945 392 3000 Eubulidam
413 2945 475 3011 (ΙΙΙ)
495 2961 525 2998 re
544 2960 613 2998 vera
632 2943 787 2998 secuudum
807 2945 887 3012 loges
908 2945 1041 2999 Eubulidi
1060 2945 1107 3014 (Π)
1132 2945 1300 3014 adoptatum
1321 2963 1396 3013 esse,

223 3052 264 3106 ita
283 3056 315 3104 ut
334 3050 435 3118 omnia,
455 3065 528 3118 qrrao
547 3050 575 3104 in
593 3050 703 3118 reliqua
716 3049 844 3103 oratione
859 3051 1084 3119 argumentatur,
1104 3053 1257 3107 concidant
1273 3070 1396 3109 necesso

223 3159 273 3231 sit3
292 3158 320 3211 in
331 3157 459 3211 oratione
472 3157 657 3211 XXXXVlll.
672 3162 768 3211 orator
781 3155 882 3210 iniuria
896 3129 995 3226 prirna,
1009 3174 1062 3213 nec
1076 3175 1144 3213 vcro
1158 3160 1242 3213 tertia
1255 3161 1394 3228 pactione

223 3267 334 3333 nititur,
361 3281 396 3318 ex
422 3279 478 3332 qua
505 3266 566 3319 sola
592 3265 682 3319 actori
707 3270 819 3332 partem
838 3265 977 3320 bonorum
997 3282 1014 3319 a
1035 3265 1150 3320 Conone
1176 3265 1338 3322 relictorum
1363 3268 1394 3321 in

222 3371 326 3426 iudicio
355 3376 454 3440 petere
482 3371 567 3426 licere
595 3372 776 3440 perspicuum
804 3372 927 3430 ridetur.
971 3372 1145 3427 Paucissima
1172 3373 1201 3426 in
1220 3371 1271 3427 'his
1299 3373 1395 3428 tribus

223 3478 398 3535 orationibus
418 3477 613 3546 probabilibus
633 3479 809 3547 argumentis
829 3477 1038 3547 confirmantur,
1058 3479 1145 3534 veluti
1165 3480 1194 3533 in
1213 3496 1252 3538 or.
1266 3479 1394 3539 XXXV.

222 3585 366 3640 Lacritum
386 3601 486 3639 navcrn
507 3582 657 3653 naufragio
683 3569 824 3640 interiisse
849 3586 995 3640 mentitum
1023 3601 1094 3656 esse,
1119 3587 1147 3640 in
1171 3603 1211 3645 or.
1229 3585 1392 3645 xxxxru.

223 3692 391 3747 Eubulidam
412 3693 475 3774 (ΙΙΙ)
498 3689 654 3759 adoptione
673 3692 797 3761 probata
816 3683 989 3761 cognatione
1008 3693 1138 3762 Hagniae
1158 3693 1205 3762 (ll)
1227 3694 1391 3762 propiorem

223 3815 295 3867 esse,
315 3816 399 3868 quam
414 3799 638 3867 Theopompum.
665 3799 854 3870 Argumenta,
873 3815 947 3868 quae
961 3782 1127 3869 afferuntur,
1146 3800 1248 3870 par‘tirn
1262 3800 1391 3855 riituntur

221 3906 307 3960 rebus
332 3914 413 3961 extra
439 3923 541 3962 causas
563 3908 678 3976 positis,
702 3907 805 3976 partim
829 3923 946 3976 prorsus
959 3885 1071 3975 'inepta'
1083 3912 1112 3962 et
1131 3907 1197 3960 nihil
1222 3907 1274 3960 nisi
1293 3907 1390 3962 inania

221 4015 311 4069 verba
331 4019 404 4072 sunt.
441 4015 573 4085 Accedit,
591 4016 667 4084 quod
686 4001 852 4084 saepissime
875 4013 1037 4070 testimonia
1057 4015 1263 4072 desiderantur.
1335 4035 1338 4043 ·

309 4141 531 4210 Progrediamur
550 4141 587 4196 ad
