2998 4826
722 355 896 410 ..15-

214 516 339 584 probare
358 515 445 584 piane
464 513 616 573 omisisset.
655 515 772 580 Quare
798 515 933 584 neglecta
959 516 1050 571 omnis
1074 517 1213 573 orationis
1232 519 1428 580 XXXXIII.

215 623 428 692 argumentatio
454 622 587 681 concidit.
624 622 842 692 vituperandus
868 622 984 677 videtur
1009 630 1163 693 praeterea
1182 632 1294 695 orator,
1333 629 1428 698 quod

215 729 432 800 Theopompum
452 747 488 786 cx
508 730 607 786 Stratii
627 732 662 800 (I)
690 730 782 800 domo,
809 745 865 786 non
892 746 929 786 ex
947 731 1043 786 Buseli
1069 732 1170 801 proavi
1196 731 1315 789 familia
1349 751 1428 790 esse

215 836 294 906 dicit,
321 853 375 892 nec
401 838 493 892 minus
518 842 692 907 propterea,
721 837 800 906 quod
824 836 968 893 distinctis
992 840 1089 894 verbis
1111 841 1254 910 Hagniam
1274 843 1321 910 (Ι)
1358 860 1427 898 ιιοιι

214 941 397 1011 significavit.
427 944 472 999 Ex
486 945 738 1012 argumentatione
752 949 857 1013 autem,
876 961 952 1013 quae
965 961 1072 1015 genere
1085 946 1194 1015 nititur,
1214 949 1287 1002 satis
1304 951 1439 1004 elucet.

215 1049 431 1121 Theopompum
450 1068 507 1106 non
527 1066 591 1106 esse
611 1067 648 1105 ex
661 1051 793 1122 Hagniae
808 1051 841 1119 (i)
862 1051 955 1122 domo,
974 1051 1003 1106 id
1023 1052 1100 1122 quod
1120 1069 1193 1123 eum,
1213 1060 1246 1108 ut
1260 1055 1427 1126 Hagniae

216 1157 263 1229 (II)
282 1159 474 1214 hereditatem
494 1158 712 1229 adipisceretur,
738 1158 887 1216 mentitum
907 1174 971 1214 esse
993 1161 1082 1216 verba
1099 1161 1259 1221 XXXXHi.
1278 1179 1426 1234 quoque
1485 1155 1486 1168 ¹

215 1266 354 1321 orationis
379 1266 499 1321 docent:
530 1262 766 1339 προσποιούμενος
789 1265 837 1318 τοῦ
857 1261 940 1318 αὐτοῦ
964 1272 1039 1320 οἴκου
1067 1267 1136 1323 εἶναι
1152 1262 1249 1338 ‘Ayrtq
1276 1271 1338 1338 (se.
1365 1270 1424 1338 H),

214 1365 229 1423 ὁ
249 1367 421 1426 οὐδεπώποτε
446 1371 593 1444 γενόμενος
617 1374 660 1441 (ἐξ
678 1373 714 1426 29
734 1373 778 1432 cil.
797 1375 828 1442 ἐξ
846 1373 889 1441 28,
909 1373 952 1442 33,
971 1373 1016 1441 41,
1034 1374 1079 1445 47,
1101 1373 1145 1444 48,
1171 1375 1214 1444 59,
1240 1376 1296 1445 83),
1344 1377 1422 1432 Nec

214 1485 310 1534 tamen
330 1479 384 1536 hoc
404 1479 535 1534 dilucidis
554 1479 651 1535 verbis
665 1480 892 1535 testimoniorum
906 1480 939 1549 ἐξ
951 1481 986 1536 36
1000 1486 1030 1535 et
1043 1480 1077 1535 37
1097 1481 1248 1536 allatorum
1268 1483 1420 1552 probare
1485 1533 1486 1580 ,

217 1586 322 1642 oblitus
342 1591 387 1642 est
405 1583 524 1654 (ἀκούειν
544 1584 713 1662 τοῦπατρὸς
737 1587 785 1640 τοῦ
812 1587 913 1642 ἑαυτῶν
932 1579 973 1641 ὅτι
991 1591 1137 1660 Πολέμωνι
1161 1583 1281 1660 ἀδελφὸς
1306 1585 1420 1648 οὐδεὶς
1484 1587 1486 1664 ξ

216 1698 322 1764 γένοιτο
340 1691 449 1748 πώποτε
470 1699 558 1764 ceth).
1484 1739 1486 1790 Ι

306 1847 385 1902 Haec
410 1845 512 1917 habui,
538 1863 613 1916 quae
638 1847 763 1902 dicerem
789 1846 825 1902 de
852 1848 1086 1916 comprobatione
1106 1864 1142 1903 cx
1161 1863 1270 1918 genere
1289 1849 1410 1918 petita,

185 1979 187 1985 v
216 1959 356 2023 quaeest
380 1954 408 2008 in
434 1954 615 2009 successione
642 1955 679 2009 ab
705 1954 844 2009 intestato
870 1955 985 2010 maximi
1009 1953 1152 2013 momenti.
1191 1954 1338 2025 Sequitur,
1368 1962 1408 2010 ut

216 2076 398 2130 quaeramus,
417 2078 483 2115 num
502 2077 577 2130 quae
593 2061 650 2116 alia
663 2061 750 2116 etiam
764 2066 861 2116 orator
875 2061 1094 2131 excogitaverit,
1114 2061 1218 2130 quibus
1231 2061 1408 2132 Theopom-
1485 2109 1486 2122 ,

216 2183 283 2235 pum
302 2167 380 2222 nulio
398 2167 460 2221 iure
479 2167 611 2236 Hagniae
632 2168 679 2237 (II)
705 2168 782 2222 bona
806 2167 945 2236 petivisse
972 2168 1116 2226 ostendat.
1154 2167 1251 2237 Atque
1271 2169 1404 2237 primum
1485 2124 1486 2202 1

216 2273 331 2342 quidem
359 2275 451 2330 tribus
475 2291 538 2330 eum
565 2275 678 2332 videbis
700 2280 830 2332 utentem
856 2275 1048 2344 argumentis,
1072 2291 1145 2344 quae
1171 2277 1257 2344 plane
1283 2276 1401 2332 eisdem

215 2383 292 2438 vitiis
316 2382 457 2440 laborant.
494 2383 661 2437 Absurdum
688 2383 761 2438 enim
788 2398 851 2438 esse
877 2381 947 2438 dicit
970 2383 1159 2437 Macartatum
1185 2382 1319 2451 Hagniao
1346 2384 1402 2450 (ΙΙ)

215 2491 292 2546 bona
310 2489 468 2559 possidere,
495 2490 629 2560 primum,
657 2507 719 2544 cum
739 2506 794 2544 non
816 2489 1029 2560 Theopompus,
1047 2490 1099 2546 sed
1112 2488 1268 2552 ¹Sositheus
1287 2489 1401 2561 Phylo—
1482 2555 1483 2558 Ἴ

215 2596 334 2652 macheu
354 2598 409 2666 (ii),
434 2596 574 2665 virginem
598 2596 733 2652 heredem
760 2601 789 2650 et
815 2611 851 2650 ex
876 2596 1010 2665 Hagniae
1030 2597 1076 2666 (H)
1101 2597 1272 2652 consobrino
1296 2595 1399 2665 filiam,

215 2705 351 2772 petiverit
370 2706 413 2774 (ἓξ
426 2705 532 2763 55-56
552 2704 618 2772 cl.§
642 2703 695 2772 74),
715 2708 784 2772 tum,
804 2719 866 2757 cum
886 2718 943 2756 non
962 2703 1114 2758 Macartati
1132 2703 1224 2771 matri,
1245 2702 1297 2757 sed
1315 2704 1398 2775 Phy-

216 2811 363 2866 lomachae
377 2811 425 2880 (ii)
444 2812 556 2866 licuerit
576 2816 605 2866 et
624 2810 738 2864 domum
757 2808 906 2865 funebrem
927 2809 1007 2864 adire
1026 2815 1057 2863 et
1074 2808 1159 2865 funus
1178 2809 1217 2864 ad
1229 2811 1396 2879 sepulcrum

215 2919 351 2988 prosequi
370 2919 412 2987 (ἓξ
432 2918 557 2987 64-65),
584 2917 720 2986 denique,
748 2933 810 2970 cum
830 2932 887 2970 nou
906 2916 1163 2984 Macartatipater
1182 2922 1316 2986 atavus,
1340 2919 1396 2972 sed

216 3040 314 3080 omnes
334 3025 423 3080 ceteri
442 3026 576 3080 aBuscio
591 3025 645 3078 orti
659 3029 843 3078 monumento
856 3023 1054 3078 Buseliderum
1071 3029 1188 3078 utantur
1208 3024 1251 3094 (ἐξ
1265 3025 1396 3093 tii-80).

217 3131 352 3202 Apparet
371 3138 516 3186 oratorem
535 3147 592 3186 non
614 3131 776 3186 meminisse
796 3130 848 3185 sibi
873 3130 1125 3185 demonstrandum
1149 3146 1221 3199 esse,
1247 3136 1393 3199 quatenus
1482 3191 1483 3214 ¹

215 3240 374 3294 Macartato
394 3240 437 3293 ius
457 3239 494 3293 sit
513 3240 541 3293 in
560 3239 691 3308 Hagniae
712 3239 758 3307 (Π)
782 3238 873 3307 bona,
893 3254 947 3292 nec
965 3253 1035 3293 vero
1053 3239 1081 3291 in
1101 3236 1314 3308 Phylomachen
1335 3239 1394 3308 (H),
1482 3299 1483 3310 ,

216 3348 262 3402 vel
274 3347 303 3401 in
315 3345 399 3402 funus
413 3344 548 3414 defuncti,
564 3346 611 3400 vel
625 3346 654 3399 in
667 3350 879 3400 monumentum
890 3345 1097 3403 Buselidarum.
1130 3345 1183 3399 Est
1199 3345 1285 3398 etiam
1302 3345 1393 3399 mani-

216 3454 320 3510 festum
341 3470 404 3508 eum
425 3452 554 3507 oblivisci
574 3469 630 3506 non
649 3452 757 3522 litigari
776 3453 850 3507 inter
871 3451 1085 3521 Theopompum
1108 3457 1136 3506 et
1156 3450 1326 3521 Sositheum,
1346 3452 1393 3506 vei

215 3561 290 3616 inter
303 3559 455 3615 hiacertati
474 3564 594 3613 matrem
609 3563 638 3612 et
650 3559 863 3630 Phylomachen
878 3559 933 3628 (II),
954 3559 1000 3612 vel
1018 3558 1093 3613 inter
1106 3558 1258 3613 Macartati
1276 3564 1391 3627 patrem

217 3674 247 3722 et
266 3685 351 3722 avum
371 3672 401 3722 et
420 3673 531 3722 ceteros
544 3666 705 3725 Buselidas.
742 3668 804 3722 Huc
824 3665 945 3735 accedit,
965 3665 1042 3735 quod
1061 3666 1138 3720 nullo
1158 3665 1320 3720 testimonio
1341 3665 1391 3720 dc-

216 3779 391 3828 monstratur
417 3771 871 3842 TheopompnmPhylomachen
899 3773 947 3840 (Ii)
974 3772 1079 3826 iudicio
1108 3789 1164 3827 non
1192 3773 1329 3840 petivisse
1361 3780 1391 3828 et

216 3881 369 3935 Macartati
388 3887 500 3950 patrem
521 3887 551 3936 et
565 3897 649 3935 avum
662 3880 691 3934 in
706 3880 761 3934 alio
775 3885 862 3948 atque
876 3879 1075 3934 Buselidarum
1089 3880 1219 3949 sepulcro
1233 3879 1304 3933 sitos
1318 3895 1389 3936 esee.

304 4014 379 4069 Nihil
397 4030 482 4084 porro
509 4015 620 4092 tribues
641 4015 737 4070 verbis
764 4015 796 4087 ἐξ
816 4014 922 4098 itt—ii
946 4013 1050 4082 allatis,
1074 4013 1177 4082 quibus
1201 4018 1298 4067 orator
1323 4030 1388 4069 con-

216 4123 314 4188 venire
333 4128 423 4199 negat
440 4123 628 4177 Macartatum
653 4124 730 4189 bona
754 4120 913 4193 possidere,
937 4093 1001 4176 cum
1026 4137 1130 4178 nomen
1154 4120 1214 4174 eius
1238 4135 1332 4190 neque
1357 4122 1384 4174 in

417 4624 841 4742 A.
