2998 4826
730 218 768 274 12

168 397 246 460 inter
266 421 297 461 se
319 400 441 476 distent,
472 412 507 463 ut
527 403 566 477 is,
600 403 652 482 qui
674 401 722 464 vel
746 401 908 462 orationem
931 400 1015 460 audit
1036 398 1085 461 vel
1112 399 1223 461 librum
1250 397 1330 476 legit,

168 503 310 563 memoria
331 513 432 566 teneat
452 505 496 579 id,
531 506 609 585 quod
639 526 739 566 recens
761 513 806 565 est
827 504 947 565 dictum.
991 504 1078 579 Quae
1104 501 1221 564 dicendi
1246 499 1331 576 ratio,

167 603 225 664 nisi
254 606 368 667 aceedit
396 609 541 669 acerbitas
570 609 773 689 imprimisque
802 628 851 680 ea,
883 627 959 685 quae
991 613 1116 667 vocatur
1143 597 1289 688 εἰρωνεία
1299 605 1329 681 ¹),

167 707 299 767 taedium
321 709 396 770 solet
416 731 541 772 movere.
584 711 674 788 Quod
696 732 786 790 quam
808 730 911 772 verum
933 709 978 782 sit,
1007 716 1105 787 potest
1126 706 1330 786 unusquisque

168 817 302 870 nostrum
332 812 396 891 ipse
427 812 517 874 facile
549 814 683 893 experiri.
735 812 873 873 Habebit
904 811 983 872 enim
1014 831 1084 872 suos
1114 810 1329 889 vituperatores

166 933 263 992 neque
284 935 395 994 paucos
416 936 513 995 neque
534 915 622 990 leves,
651 917 677 976 si
699 925 752 976 aut
773 915 1018 976 commentarium
1040 913 1170 974 scribens
1192 921 1245 973 aut
1266 933 1329 973 ora·

167 1016 277 1076 tionem
298 1016 391 1078 literis
413 1018 559 1080 mandans
581 1019 613 1078 in
634 1020 745 1099 pagina
771 1019 832 1079 ima
854 1017 957 1078 eadem
983 1016 1075 1079 verba
1103 1037 1155 1096 per
1177 1020 1195 1077 5
1226 1036 1329 1077 versus

166 1118 274 1179 referet
294 1119 350 1193 vel,
373 1129 408 1181 ut
429 1121 520 1195 aiunt,
542 1130 688 1200 recoquet,
719 1120 826 1200 quibus
848 1121 879 1179 in
901 1140 1018 1180 summa
1038 1119 1149 1198 pagina
1171 1119 1227 1178 erit
1248 1138 1328 1180 usus.

167 1222 250 1299 Quin
272 1223 361 1284 etiam
384 1223 408 1283 si
431 1224 497 1302 quis
519 1224 684 1284 contionem
706 1222 819 1283 habens
844 1222 924 1283 intra
953 1221 1134 1282 semunciam
1163 1220 1254 1282 horae
1283 1220 1328 1282 bis

165 1324 269 1385 recitet
290 1325 414 1386 eandem
436 1327 594 1387 verborum
616 1325 913 1405 comprehensionem,
935 1324 1066 1404 profecto
1089 1344 1149 1385 non
1170 1323 1253 1397 desit,
1276 1323 1328 1402 qui

167 1436 220 1489 aut
240 1429 349 1489 tacitus
372 1449 440 1490 eum
461 1429 658 1509 reprehendat
679 1437 732 1488 aut
753 1427 845 1489 verba
871 1427 959 1487 huius
988 1427 1151 1487 sententiae
1181 1426 1213 1486 in
1240 1426 1328 1487 amici

166 1551 252 1591 aures
273 1531 452 1593 insusurret:
481 1531 647 1606 „Eccillum
669 1539 814 1592 oratorem
836 1530 1046 1590 bellissimum!
1081 1525 1145 1605 Δὶς
1166 1525 1225 1613 γὰρ
1248 1519 1326 1590 ταῦ-

164 1627 221 1697 τὸν
242 1625 319 1720 ἡμῖν
342 1624 359 1696 ὃ
383 1627 507 1716 σοφόςίι.
555 1633 668 1695 Contra
689 1655 731 1708 ea,
754 1634 779 1696 si
801 1641 920 1727 tantum
941 1631 1094 1693 intervalli
1115 1632 1193 1692 inter
1206 1631 1324 1692 easdem

165 1737 327 1797 sententias
348 1736 394 1798 bis
416 1736 511 1797 dictas
532 1737 740 1810 intercesserit,
771 1744 806 1796 ut
833 1735 967 1814 plerique
989 1734 1038 1796 vel
1066 1734 1250 1796 audientium
1277 1733 1326 1796 vel

165 1839 260 1924 primo
282 1839 389 1900 obtutu
410 1839 572 1918 legentium
594 1848 672 1913 tum,
702 1860 770 1900 cum
797 1837 975 1899 sententiam
1001 1836 1190 1918 posteriorem
1220 1837 1326 1898 animis

165 1942 340 2021 percipiunt,
364 1940 494 2020 priorem
517 1942 657 2002 memoria
678 1961 738 2002 non
759 1941 831 2001 satis
852 1941 1006 2014 retineant,
1034 1947 1133 2020 potest
1153 1939 1256 2019 aliqua
1277 1962 1326 2001 ex·

164 2043 278 2104 cusatio
299 2043 433 2104 inveniri.
476 2044 669 2122 Quamquam
690 2043 795 2122 nequit
814 2044 924 2122 negari,
953 2064 1028 2116 esse,
1057 2043 1108 2122 qui
1129 2042 1216 2116 nihil,
1246 2043 1325 2122 quod

164 2146 254 2208 semel
276 2147 419 2226 scriptum
442 2147 492 2220 sit,
526 2147 633 2207 iterum
662 2145 850 2207 scribendum
877 2167 939 2207 esse
967 2154 1074 2226 putent
1084 2148 1114 2225 2),
1158 2142 1215 2205 Est
1235 2145 1325 2224 igitur

165 2249 375 2329 quaerendum,
398 2257 498 2308 utrum
520 2249 547 2310 ei
568 2248 632 2322 loci,
656 2250 764 2328 quibus
786 2249 888 2309 eadem
911 2248 1057 2309 sententia
1078 2249 1108 2307 in
1125 2249 1249 2309 eandem
1263 2249 1325 2310 fere

64 2368 66 2372 ·
163 2350 290 2412 formam
312 2351 433 2412 redacta
454 2359 505 2425 est,
529 2359 592 2412 arto
614 2351 691 2412 inter
711 2372 742 2412 se
762 2351 921 2413 intervallo
936 2351 1048 2411 distent
1067 2371 1167 2414 necne.
1199 2352 1325 2413 Accedit

164 2453 298 2515 alterum.
342 2453 448 2533 Neque
470 2453 548 2513 enim
570 2475 605 2514 ea
627 2454 715 2528 ratio,
745 2475 822 2533 quae
850 2453 881 2512 in
904 2453 1054 2514 codicibus
1082 2453 1160 2515 inter
1183 2458 1221 2516 18
1245 2461 1279 2530 ἐξ
1305 2458 1322 2515 1

163 2560 234 2617 et8
263 2556 430 2631 intercedit,
462 2565 560 2637 potest
590 2557 628 2618 ab
657 2557 722 2636 ipso
748 2556 949 2617 Demosthene
980 2556 1075 2618 videri
1101 2557 1235 2636 profecta
1263 2558 1326 2619 sine

163 2659 255 2720 dubio
277 2680 347 2733 esse,
374 2660 432 2720 nisi
453 2661 478 2720 si
499 2660 590 2740 plane
610 2661 746 2739 congruit
767 2661 830 2721 eius
852 2660 1059 2721 consuetudini
1079 2660 1204 2722 dicendi.
1247 2662 1325 2721 Tum

166 2771 265 2824 autem
298 2763 446 2842 congruit,
491 2784 558 2824 cum
590 2764 622 2823 in
659 2763 841 2825 orationibus
872 2763 1081 2824 Demosthenis
1118 2773 1171 2824 aut
1205 2774 1325 2828 exstant

165 2864 303 2944 exempla
324 2865 478 2945 complura
496 2875 549 2926 aut
570 2887 664 2925 unum
685 2875 795 2939 exstat,
827 2867 911 2928 cuius
933 2867 1009 2926 ratio
1031 2866 1069 2926 sit
1095 2866 1185 2945 plane
1212 2868 1323 2932 eadem.

165 2969 243 3028 Tum
266 2977 366 3030 autem
388 2977 433 3028 est
454 2968 565 3042 eadem,
587 2990 655 3029 cum
677 2969 823 3030 sententia
838 2969 928 3030 semel
943 2968 1023 3030 dicta
1044 2978 1112 3049 post
1131 2970 1324 3033 intervallum

164 3091 225 3131 non
246 3072 343 3131 maius
366 3070 413 3132 vel
435 3091 495 3131 non
517 3071 612 3132 multo
641 3073 737 3132 maius
763 3073 870 3133 iterum
900 3070 1020 3144 dicitur,
1052 3092 1141 3150 quam
1164 3095 1223 3152 quo
1246 3082 1280 3150 ἐξ
1306 3081 1322 3136 1

164 3181 195 3234 et
217 3178 235 3235 8
256 3174 334 3234 inter
355 3195 386 3234 se
407 3173 527 3236 distant
575 3175 662 3250 Quae
692 3174 717 3234 si
745 3174 788 3234 ita
814 3182 896 3246 sunt,
926 3173 1001 3234 nihil
1023 3175 1134 3248 obstat,
1166 3178 1324 3256 quominus

164 3276 334 3356 exemplum
356 3275 500 3337 eiusmodi
518 3277 709 3356 postulemus,
732 3285 848 3356 utpost
864 3281 880 3338 7
898 3282 932 3352 ἐξ
949 3276 1046 3355 posita
1061 3277 1099 3336 sit
1115 3284 1130 3352 ἕ
1148 3280 1324 3340 sententiam

164 3388 254 3440 antea
278 3379 388 3440 dictam
410 3377 547 3440 referens.
591 3379 649 3440 Sed
671 3400 708 3439 ne
736 3379 823 3438 nimis
852 3378 1007 3439 videamur
1035 3379 1145 3453 acerbi,
1177 3381 1324 3444 faciamus

163 3481 313 3560 duplicem
335 3501 491 3541 numerum
513 3481 767 3561 paragraphorum
790 3489 859 3541 ante
881 3481 1019 3542 iteratam
1042 3484 1219 3544 sententiam
1248 3485 1323 3564 posi·

163 3593 270 3658 tarum,
292 3583 310 3644 i.
333 3604 356 3645 e.
381 3587 419 3643 14
444 3590 487 3659 ἐξ.
531 3585 678 3664 Sequitur,
702 3592 736 3643 ut
757 3604 795 3643 ex
819 3588 835 3645 7
858 3584 1002 3663 exemplis
1024 3605 1114 3663 supra
1124 3587 1146 3662 8)
1168 3587 1322 3666 exscriptis

163 3686 281 3747 nullum
303 3685 495 3765 respiciamus
516 3687 574 3747 nisi
594 3708 641 3761 ca,
671 3707 747 3766 quae
774 3687 903 3747 numeris
927 3691 962 3760 2,
985 3691 1020 3760 4.,
1043 3691 1079 3760 5.,
1104 3692 1129 3749 7.
1152 3689 1324 3768 significavi.

163 3789 220 3850 Est
241 3789 332 3868 igitur
352 3787 521 3863 videndum,
543 3810 617 3849 num
638 3810 674 3850 ea
694 3789 818 3863 iteratio,
842 3809 919 3867 quae
940 3797 1039 3849 exstat
1060 3790 1091 3849 in
1109 3794 1146 3850 18
1164 3796 1197 3866 ἐξ
1217 3795 1232 3851 1
1251 3800 1281 3852 et
1296 3797 1322 3866 8,

169 3945 360 3956 -—-—---

232 4030 258 4099 1)
277 4029 371 4081 Veluti
389 4027 467 4080 Dem.
487 4030 519 4082 21
541 4027 573 4098 ἐξ
593 4032 644 4082 203
665 4033 692 4082 ct
711 4031 770 4081 204.
831 4030 858 4096 2)
877 4029 958 4082 Dion.
979 4027 1049 4093 Hal,
1069 4043 1099 4078 π.
1117 4047 1140 4082 τ.
1159 4030 1227 4084 irat.
1249 4034 1324 4100 Δημ.

164 4117 240 4180 decu,
260 4121 285 4182 2,
299 4119 350 4171 956
365 4120 393 4170 et
408 4117 458 4170 957
472 4116 506 4170 R.
521 4114 602 4169 οὐδὲν
621 4115 665 4168 δεῖ
681 4121 731 4166 νῦν
749 4114 833 4168 πάλιν
851 4112 920 4185 ὑπὲρ
938 4120 992 4167 τῶν
1011 4114 1099 4166 αὐτῶν
1117 4117 1212 4185 λέγειν,
1233 4119 1267 4172 cf.
1285 4119 1322 4173 ib.

165 4209 206 4275 19,
222 4209 288 4262 1008
302 4223 324 4259 e.
339 4223 365 4274 q.
375 4223 400 4258 s.
414 4202 447 4258 R.
476 4203 580 4273 Polyb„
594 4205 641 4272 l,l,
655 4207 680 4258 3.
706 4203 844 4258 Cf.etiam
858 4204 918 4270 od,
935 4221 966 4273 μ,
984 4205 1148 4257 rescisos.
1185 4205 1211 4271 3)
1231 4206 1260 4258 P.
1282 4209 1321 4259 11.
