2988 4820
608 410 784 487 223¹ssAE

103 589 138 650 'et
156 575 263 649 invitus
276 593 390 663 quidem
412 593 438 663 (S
451 593 505 662 58),
526 609 588 648 eum
608 593 759 662 phratores
779 599 808 648 et
822 598 966 662 gennetae
979 572 1106 663 reelpere
1120 573 1280 658 nolueruntr

107 701 220 766 Quibus
238 701 265 754 in
284 700 418 754 indicium
440 701 584 756 arcessitis
597 699 734 755 Phrastor
753 704 847 756 iurare
862 700 952 754 noluit
970 699 1046 754 illum
1065 698 1150 756 filium
1171 701 1225 758 sihi
1244 719 1280 760 ex

104 823 197 861 uxore
216 806 386 861 Atheniensi
405 823 469 862 esse
489 808 532 877 (88
551 807 678 876 55-61).

199 916 271 969 Tum
291 918 388 968 orator
414 919 531 968 enarrat
549 915 727 984 Epaenetum
752 914 894 983 quendam
914 913 1061 984 Stephano
1086 916 1162 970 litem
1187 917 1279 972 interr·

99 1023 191 1092 disse,
212 1021 289 1090 quod
309 1021 333 1075 ei
353 1026 385 1074 ut
404 1021 522 1076 moecho
542 1021 618 1091 apud
635 1021 734 1076 Phano
754 1023 893 1091 (Neaerae
913 1020 998 1078 filiam
1018 1028 1047 1078 et
1061 1022 1279 1096 scortumsss‘l)

100 1129 288 1199 deprehenso
307 1129 353 1183 hie
372 1129 491 1198 triginta
511 1129 600 1184 minas
620 1129 750 1198 exegerit
772 1130 815 1200 (ἐξ
835 1129 958 1201 64-71).

195 1237 345 1290 Postremo
373 1235 439 1290 iude
470 1251 486 1289 a
514 1235 698 1305 paragrapho
728 1236 761 1289 72
789 1237 941 1305 exponitur
970 1236 1153 1306 Theogenom
1181 1254 1278 1308 regem

99 1343 215 1412 Phano,
236 1359 321 1413 qnam
335 1358 387 1412 pro
399 1341 537 1411 Stephani
557 1341 614 1396 filia
633 1343 662 1396 iu
676 1343 882 1398 matrimonium
896 1343 1019 1414 duxerit,
1038 1350 1070 1398 ut
1088 1346 1278 1416 peregrinam,

99 1452 119 1510 i.
133 1467 158 1505 e.
180 1451 311 1506 Neaerae
330 1449 414 1504 filiam
436 1453 461 1520 (ξ
479 1451 534 1520 81),
554 1450 637 1506 domo
659 1451 803 1520 expulisse
823 1451 865 1522 (§§
886 1452 1011 1521 72—84).

195 1557 296 1613 Omnia
323 1557 408 1626 haee,
446 1573 520 1627 quaa
546 1565 642 1613 orator
667 1557 705 1614 ad
731 1574 847 1613 eausam
873 1558 1051 1628 probandam
1075 1560 1141 1614 inde
1166 1575 1184 1614 a
1209 1561 1279 1624 §50

101 1663 261 1732 enarravit,
280 1669 434 1732 propterea
453 1664 599 1732 paululum
614 1663 750 1719 infirmari
763 1679 819 1719 non
833 1681 897 1734 ego,
917 1665 993 1734 quod
1013 1666 1101 1720 exiis
1120 1666 1278 1722 luculenter

100 1774 229 1840 apparet
252 1769 350 1824 Phano
379 1786 435 1824 non
459 1771 565 1839 solum,
593 1787 656 1826 eum
681 1771 830 1840 eiceretur,
849 1772 1040 1843 peregrinam,
1066 1773 1082 1827 i.
1105 1779 1129 1832 r.
1148 1773 1277 1842 Neaerae

99 1879 198 1947 filiam,
225 1877 391 1946 sedetiam,
417 1895 478 1932 enm
504 1879 532 1932 in
551 1877 755 1933 matrimonium
780 1878 941 1947 duceretur,
966 1879 1054 1934 eivem
1074 1878 1278 1935 Atheniensem

98 1987 233 2042 habitam
252 2000 324 2043 esse.
361 1984 506 2040 Aoeurate
529 1991 625 2040 tamen
651 1969 876 2040 demonstratum
901 1986 1029 2041 videmus
1048 1987 1187 2041 Neaeram
1213 2003 1276 2044 esse

97 2091 294 2163 peregrinam.
323 2089 380 2145 Sed
401 2087 575 2160 Stephanum
596 2108 627 2146 re
646 2107 715 2148 vera
728 2094 868 2149 Neaeram
887 2093 915 2147 in
935 2093 1142 2148 matrimonium
1161 2093 1276 2151 duxisse

99 2214 248 2268 nunquam
268 2198 415 2267 probatur.
450 2199 479 2251 lu
494 2197 547 2252 hae
561 2204 655 2252 autem
668 2215 699 2254 re
719 2204 808 2254 tetam
829 2215 944 2255 eausam
963 2199 1085 2270 positam
1106 2215 1170 2256 esse
1189 2217 1276 2271 supra

102 2305 235 2361 diximus.

196 2410 276 2475 Quod
296 2415 449 2480 praeterea
463 2417 559 2467 orator
573 2411 820 2468 demonstraturus
834 2419 911 2468 erat:
930 2412 1037 2482 Phano,
1057 2427 1141 2481 quam
1156 2411 1276 2483 Stepha·
1338 2420 1339 2424 ’

104 2534 159 2573 nus
178 2535 229 2586 pro
250 2535 301 2572 sua
320 2516 378 2572 filia
397 2518 425 2571 in
438 2518 645 2574 matrimonium
661 2519 781 2590 dederit,
800 2521 930 2576 Neaerae
949 2517 1034 2574 filiam
1055 2535 1118 2575 esse
1138 2519 1275 2590 (etsltl),

101 2624 283 2694 Stephanum
302 2622 374 2679 filios
387 2623 518 2680 Neaerae
538 2629 570 2678 ut
589 2641 656 2680 suos
676 2625 714 2681 ad
727 2625 877 2696 phratores
891 2631 921 2681 et
934 2626 1062 2681 demotas
1075 2625 1276 2695 introduxisse,

99 2734 140 2789 ad
160 2733 348 2802 hoo.speetat
373 2733 550 2801 provocatio,
576 2732 613 2788 de
632 2748 689 2802 qna
708 2732 774 2787 inde
793 2747 810 2786 a
830 2733 845 2802 S
866 2733 917 2787 120
936 2737 1036 2786 auetor
1055 2731 1191 2786 emtionis
1206 2731 1276 2800 agit.

193 2838 278 2893 Hisee
296 2838 433 2907 expositis
449 2838 484 2893 de
501 2838 751 2908 argumentatione
763 2839 922 2893 orationum
931 2837 1093 2897 XXXXVI.
1103 2835 1275 2897 XXXXVll.

101 2944 269 3002 XXXXIX.
289 2946 320 2999 L.
340 2945 400 2999 LII,
419 2945 493 2999 Llll.
514 2945 597 3014 er,
617 2960 692 3013 quae
710 2944 852 2999 iuvenisse
871 2943 938 2997 mihi
957 2943 1064 3010 videor,
1083 2942 1183 3012 paneis
1201 2958 1275 2996 eom·

99 3055 205 3123 plexus
225 3051 280 3106 hoe
298 3051 408 3107 iudieo:
428 3053 557 3122 Excepta
576 3051 705 3106 oratione
718 3050 792 3110 LIX.
806 3050 834 3104 in
848 3049 978 3106 omnibus
990 3066 1046 3119 res,
1065 3065 1139 3120 quae
1159 3047 1276 3120 demon·

101 3157 241 3214 strandoe
260 3162 335 3224 sunt,
358 3156 400 3210 ita
419 3164 448 3212 et
467 3155 636 3212 testimoniis
655 3160 685 3210 et
704 3155 880 3222 argumentis
899 3147 1053 3223 firmantur,
1079 3160 1111 3208 ut
1134 3154 1275 3211 iudicibus

100 3267 167 3336 plus
181 3263 309 3317 minusve
322 3277 490 3332 persuasum
505 3279 569 3318 esse
583 3261 682 3330 negari
696 3268 822 3331 nequeat
829 3263 858 3330 ¹).
881 3260 993 3316 Minime
1006 3259 1060 3315 hoe
1073 3259 1134 3315 lieri
1146 3262 1275 3331 potuisse

100 3373 233 3427 videmus
252 3371 281 3424 in
301 3371 429 3426 oratioue
449 3370 618 3439 xxxxvl,
639 3368 718 3422 euius
738 3383 825 3423 eausa
843 3367 885 3420 ita
903 3373 948 3421 est
967 3373 1142 3437 comparata,
1161 3374 1193 3422 ut
1212 3385 1276 3424 eam

100 3495 136 3534 ne
151 3476 363 3532 Demosthenes
383 3475 496 3546 quidem
516 3475 693 3545 probabilem
707 3474 828 3529 reddere
841 3475 1005 3544 potuerit2).
1033 3475 1155 3529 Prorsus
1174 3475 1276 3529 eodem

101 3591 199 3640 autem
219 3584 287 3638 vitio
308 3584 419 3638 laborat
432 3584 645 3653 argumentatio
659 3583 892 3651 01·ati0nisLlX.,
912 3599 968 3652 quo
982 3582 1114 3638 laborare
1127 3582 1275 3652 perspexi·

100 3709 164 3746 mus
185 3691 329 3745 orationes
349 3690 464 3749 XXXV.
484 3691 645 3746 XXXXlll.
665 3689 856 3748 XXXXVlll.
893 3689 978 3745 Utin
997 3687 1041 3742 his
1060 3688 1151 3744 tribus
1171 3689 1275 3743 oratio·

101 3799 187 3853 nibus
206 3797 379 3866 paucissima
398 3797 555 3852 invenimus
574 3798 706 3866 probata,
733 3796 774 3850 ita
792 3796 820 3850 in
839 3795 954 3864 reliquis
974 3800 1084 3864 septem
1103 3794 1275 3864 paucissima

100 3935 318 3946 .....-.--.—-·

192 4013 214 4079 1)
235 4009 277 4070 Cf.
298 4010 378 4080 Sigg.
398 4011 415 4070 l.
434 4011 452 4069 l.
471 4026 558 4079 pagg.
580 4009 633 4064 410
651 4024 751 4077 proxx.
833 4032 839 4042 ’

192 4102 215 4169 2)
235 4100 327 4154 oratio
346 4099 491 4154 XXXXV.
512 4099 579 4168 quin
599 4112 666 4152 rere
686 4096 907 4152 Demostheniea
926 4097 971 4164 sit,
991 4098 1046 4151 iam
1066 4113 1121 4152 nou
1142 4096 1273 4151 dubitau-

102 4190 168 4245 dum
188 4188 254 4243 mihi
275 4188 397 4247 videtur.
436 4185 478 4247 Cf.
498 4189 592 4246 Lortz.
612 4186 693 4256 Sigg.
712 4186 803 4240 Blass.
823 4186 851 4245 ll.
869 4185 897 4240 ll.
