2954 4824
204 335 240 395 ta

200 500 304 587 βουλὴ
336 501 396 568 τὸν
427 499 532 587 νόμον
562 507 687 569 τοῦτον
718 505 773 588 (de
802 512 916 569 senatu
941 525 1002 569 non
1026 505 1225 586 coronando,
1252 507 1316 570 nisi

200 607 344 672 triremes
373 606 587 686 instruxisset)
625 600 731 692 uitio
761 603 1025 693 ἐχειροτόνησεν,
1056 608 1132 690 quid
1156 608 1247 672 aliud
1270 616 1317 673 est

200 728 295 790 quam
319 706 456 790 ἔνδειξις
477 706 593 794 σαφής,
625 701 676 775 ὅτι
707 700 772 776 oo'x
795 703 899 788 ἄλλος
922 710 1013 776 ἐστὶν
1042 710 1147 787 αἴτιος
1177 714 1242 776 τοῦ
1273 709 1317 796 μὴ

200 813 406 896 πεποιῆσθαι
428 804 488 888 τὰς
510 815 612 888 uude?
656 811 716 890 Qui
739 813 765 877 si
788 813 908 896 suisset,
931 813 1078 877 nimirum
1100 820 1230 879 senatus
1254 816 1318 896 legi

200 934 262 976 non
285 913 371 978 faeta
394 913 424 976 vi
449 913 530 978 hane
553 925 622 979 erat
645 916 729 978 viam
752 915 902 997 initurus,
931 922 965 978 ut
987 915 1113 998 eulpam
1138 915 1170 978 in
1194 923 1317 980 sontem

199 1015 395 1081 transferens
418 1017 533 1081 donum
558 1038 578 1081 a
601 1019 719 1102 populo
746 1023 939 1101 expeteret“.
989 1017 1111 1082 Eadem
1143 1018 1318 1100 explicatio

199 1120 305 1202 placet
320 1119 573 1204 Funkhaenelio‚
596 1140 792 1202 quamquam
816 1121 843 1184 is
858 1119 941 1185 iusto
958 1122 1132 1185 breviorem
1157 1126 1315 1184 oratorem

199 1222 258 1285 hoe
280 1222 347 1286 loeo
370 1241 440 1287 esse
463 1242 583 1306 negare
606 1245 668 1287 uon
692 1230 804 1307 potest,
827 1224 911 1305 quod
935 1232 1042 1289 tamen
1058 1225 1140 1288 utin
1164 1223 1315 1310 δευτερο-

201 1325 298 1412 λογὶᾳ
326 1327 474 1391 excusari
504 1346 599 1410 posse
634 1328 788 1410 opinatur.
844 1329 916 1392 Mea
947 1346 1021 1391 vero
1052 1328 1212 1392 sententia
1242 1329 1316 1391 talis

199 1429 366 1492 verborum
390 1430 574 1506 obscuritas,
598 1429 658 1492 nisi
682 1430 813 1493 oonsilio
836 1431 992 1511 quaesita,
1014 1450 1145 1512 prorsus
1168 1429 1317 1494 abhorret

200 1551 269 1594 eum
294 1531 334 1595 ab
365 1551 423 1594 usu
445 1531 685 1615 Demosthenis,
715 1539 780 1594 tum
813 1532 853 1595 ab
884 1532 943 1595 hoo
974 1531 1057 1610 loeo,
1088 1551 1150 1613 quo
1180 1533 1317 1595 oratoris

198 1635 367 1717 plurimum
390 1633 556 1716 intererat,
586 1640 620 1697 ut
643 1635 829 1698 adversario
853 1633 940 1697 illam
964 1635 1120 1698 rationem
1151 1653 1185 1698 se
1209 1635 1317 1700 defeu-

198 1737 293 1801 dendi
316 1737 463 1821 eriperet;
493 1756 596 1818 neque
628 1742 731 1800 utrum
759 1738 975 1820 ποωτολογία
1008 1756 1049 1800 an
1081 1737 1315 1822 devrspotoyio
1400 1790 1402 1796 .

199 1841 257 1917 sit,
299 1841 331 1903 in
359 1839 441 1903 hane
470 1859 535 1905 rem
565 1839 740 1922 quidquam
775 1839 880 1904 refert.
933 1841 1047 1921 Itaque
1077 1840 1217 1904 dubitari
1254 1861 1315 1904 non

198 1950 316 2025 potest,
346 1943 422 2025 quin
453 1963 493 2008 ea
524 1964 617 2027 pars,
647 1962 711 2024 qua
738 1950 844 2006 orator
866 1961 914 2023 ea,
945 1962 1027 2024 quae
1057 1942 1317 2024 significavimus,

198 2053 345 2111 accurate
368 2046 525 2128 exposuit,
547 2045 641 2109 fuerit
664 2045 824 2126 quondam
850 2045 882 2108 in
906 2044 966 2108 hae
982 2045 1135 2126 oratione,
1158 2046 1214 2109 sed
1239 2047 1316 2110 inte·

150 2235 151 2239 Ἰ
197 2149 286 2215 rierit
309 2151 414 2212 neseio
439 2170 500 2231 quo
523 2149 625 2214 modo.
893 2154 895 2160 '

282 2252 346 2316 Sed
376 2252 500 2317 aceedit
530 2252 630 2332 aliud,
662 2250 746 2333 quod
776 2251 863 2316 illam
889 2250 1109 2315 difficultatem
1139 2271 1202 2315 uon
1233 2252 1316 2317 levet

197 2355 253 2419 sed
276 2361 402 2437 augeat.
447 2355 529 2418 Nam
559 2374 599 2418 ex
627 2355 790 2435 sequentis
813 2352 1008 2436 paragraphi
1031 2353 1110 2438 (21.)
1139 2355 1231 2418 initio
1255 2353 1317 2438 (ἔτι

196 2459 315 2523 τοίνυν
352 2455 510 2540 ἐπιχειρεῖ
539 2457 647 2541 λέγειν
675 2458 751 2539 περὶ
782 2461 843 2520 τοῦ
874 2458 930 2538 τῆς
961 2452 1159 2540 έτοιιοήοειος
1193 2449 1318 2541 νόμον)

198 2568 342 2646 apparet,
365 2559 442 2625 haee
458 2560 556 2624 verbe
580 2580 651 2624 esse
673 2560 719 2622 ita
742 2567 937 2642 comparata,
960 2566 994 2623 ut
1011 2565 1086 2642 apte
1109 2559 1318 2624 exordiantur

197 2685 267 2729 eam
291 2665 428 2747 partemf,
460 2683 523 2744 qua
548 2662 588 2726 de
611 2663 705 2726 tertia
729 2662 811 2744 lege,
842 2668 1074 2744 contraquam
1102 2681 1175 2726 reus
1205 2683 1318 2746 peooa·

196 2769 287 2849 (οι-11,
308 2767 422 2850 agitur.
466 2763 668 2846 Quamquam
693 2765 838 2830 Blassius
861 2765 953 2829 aliter
975 2767 1015 2830 de
1038 2765 1088 2829 his
1109 2766 1215 2830 verbis
1238 2765 1317 2830 iudi-

197 2871 291 2947 cavit,
314 2891 384 2934 oum
408 2870 572 2934 scriberet:
599 2869 678 2948 „uin
695 2870 889 2951 Uebergang
912 2891 983 2934 num
1000 2868 1183 2952 Folgenden
1207 2869 1314 2934 fenus

197 2975 301 3054 Atque
323 2973 355 3036 id
378 2973 505 3054 quidem
524 2973 648 3037 Blaesio
665 2973 902 3036 eoncedendum
919 2980 977 3055 est,
999 2972 1168 3054 vinculum,
1191 2991 1255 3052 quo
1276 2974 1317 3037 ah

197 3076 299 3140 altera
322 3076 364 3139 ad
378 3072 511 3140 'tertiam
529 3085 650 3159 partem
674 3077 775 3140 oratio
792 3074 985 3151 traducatur,
1009 3075 1205 3140 levissimum
1229 3095 1316 3158 esse;

198 3180 286 3243 deest
308 3179 391 3243 euim
416 3178 648 3262 reoapitulatio,
671 3197 735 3259 qua
758 3197 805 3257 ea,
829 3196 913 3258 quae
935 3177 1137 3240 anteoedenti
1153 3184 1247 3259 parte
1267 3197 1317 3242 ex-

197 3280 305 3364 posita
329 3287 413 3362 sunt,
445 3279 759 3364 comprehendantur.
810 3279 922 3360 Neque
952 3299 1027 3343 vero
1058 3279 1089 3341 in
1122 3299 1316 3362 unaquaque

196 3385 385 3449 transitione
408 3405 487 3467 opus
518 3396 566 3448 est
588 3383 655 3464 illa,
683 3401 788 3464 neque
810 3382 938 3446 omnino
965 3382 1025 3446 hoo
1054 3401 1156 3464 genus
1178 3382 1316 3448 breviter

197 3497 228 3552 et
252 3494 392 3552 oontorte
422 3486 549 3551 dicendi
572 3508 591 3551 a
615 3492 731 3548 natura
755 3505 825 3548 oum
853 3485 1092 3567 deuterologiae
1114 3491 1180 3548 tum
1211 3486 1316 3549 eonf-

109 3641 111 3645 .
196 3591 328 3655 tationis
359 3589 522 3669 abhorret,
559 3609 662 3671 neque
693 3608 712 3652 a
740 3587 954 3652 Demosthene
987 3594 1129 3670 spretum
1159 3594 1208 3652 est
1239 3586 1315 3671 (Cir.

196 3695 287 3776 Lept.
307 3693 394 3776 131.).
439 3690 543 3769 Quid?
571 3691 655 3772 quod
678 3690 710 3753 in
734 3690 794 3754 hae
809 3690 879 3772 ipsa
895 3691 1038 3753 oratione
1060 3689 1148 3753 nulla
1168 3691 1315 3754 transitio

196 3796 387 3879 reperiritur,
410 3815 494 3877 quae
517 3795 573 3858 illa
596 3793 853 3858 antecedentium
870 3792 1034 3857 verborum
1052 3791 1238 3857 ooileotione
1254 3813 1315 3855 non

197 3897 330 3962 eareat?
361 3894 473 3981 (Ofr.§
510 3945 517 3976 ‚
541 3899 589 3978 33,
613 3897 662 3978 38,
678 3895 742 3979 42).
772 3896 908 3959 Possunt
923 3894 1025 3958 multa
1040 3893 1132 3958 huius
1147 3894 1193 3958 rei
1210 3894 1315 3959 afferri

196 4000 361 4083 exempla,
391 3998 446 4062 sed
470 4017 509 4062 ea
532 3999 620 4082 ipsa,
650 4017 734 4078 quae
757 3997 867 4078 attuli,
898 3998 999 4062 sentio
1022 3996 1181 4072 sut'fioere;
1212 4016 1314 4079 neque

195 4103 280 4170 enim
303 4105 368 4168 iam
393 4103 541 4184 cuiquam
558 4101 690 4165 duhium
713 4101 780 4182 erit,
802 4102 877 4179 quin
905 4103 937 4162 in
955 4100 1059 4164 verbis
1082 4098 1165 4184 §it
1189 4100 1314 4164 traditis

196 4227 304 4273 verum
328 4206 493 4270 exordium
517 4205 630 4269 tertiae
651 4205 752 4286 partis
775 4203 958 4267 habeamus.

280 4309 353 4392 Sed,
383 4315 416 4372 ut
439 4308 523 4392 illue,
552 4306 636 4372 unde
659 4306 818 4391 profectus
841 4325 920 4388 sum,
943 4313 1090 4389 revertar,
1114 4306 1182 4370 dixi
1205 4303 1314 4390 augeri
