2954 4824
1229 315 1268 376 33

84 563 86 570 Ι
173 501 206 544 ex
225 479 310 543 totius
330 481 429 563 partis
454 481 655 546 conclusione
678 479 710 565 (ξ
727 481 789 564 90.)
813 480 889 545 nihil
916 485 946 544 in
971 501 1041 546 eam
1066 501 1131 547 rem
1161 482 1269 566 colligi

173 583 265 666 possit,
284 583 357 664 quia
379 582 422 645 ibi
447 601 485 646 ex
510 589 631 665 septem
655 583 734 646 locis
757 590 853 647 antea
875 583 1021 648 tractatis
1044 591 1108 648 tres
1131 589 1269 649 tantum·

175 686 253 748 modo
271 691 464 767 repetuntur;
495 684 578 766 quod
602 685 714 754 vitium
745 691 777 750 ct
799 687 903 768 ipsum
928 693 1031 750 utrum
1055 688 1193 751 oratoris
1215 707 1270 752 ne-

175 787 327 869 glegentias
351 788 477 851 cuidam
502 808 543 851 an
566 787 697 852 editoris
720 786 962 857 librariorumve
990 789 1104 872 culpae
1132 789 1269 855 tribuen-

174 890 233 952 dum
254 889 298 973 sit,
320 889 499 955 diiudicare
523 891 700 972 nequimus,

238 993 314 1072 §aa
347 998 456 1056 orator
487 994 600 1058 tertiae
630 993 732 1077 partis
762 993 949 1078 principalis
981 999 1104 1078 partem
1136 996 1270 1060 alteram

165 1093 277 1176 orditur,
304 1101 346 1176 ut,
377 1095 537 1176 quomodo
566 1097 618 1160 lex
650 1096 841 1161 Timocratis
873 1097 995 1168 civibus
1024 1098 1056 1161 in
1088 1099 1270 1164 universum

165 1216 261 1262 nocere
282 1199 392 1282 possit,
423 1198 546 1262 duabus
570 1199 736 1283 particulis
765 1199 910 1283 explicet.
955 1199 1045 1276 Quae
1068 1199 1151 1267 dunc
1172 1203 1270 1285 parti-

164 1299 240 1364 culae
269 1300 300 1363 in
329 1301 488 1364 communi
520 1302 617 1365 totius
646 1301 746 1384 partis
778 1300 908 1366 exordio
931 1299 965 1386 (ξ
983 1302 1045 1384 91.)
1069 1304 1096 1366 si
1128 1323 1189 1366 non
1218 1323 1271 1368 ex-

161 1401 286 1484 planate,
309 1409 418 1467 tamen
443 1402 583 1468 dilucide
606 1409 841 1486 proponuntur:
873 1394 923 1468 ὅτι
947 1405 1067 1468 τοίνυν
1087 1395 1171 1490 ’ὅλην
1195 1423 1270 1490 συγ-

158 1516 202 1586 χεῖ
220 1496 278 1590 τὴν
301 1508 477 1570 πολιτείαν
493 1507 548 1569 καὶ
571 1498 727 1570 καταλύει
744 1503 856 1571 πάντα
871 1503 913 1570 τὰ
935 1499 1106 1591 πράγμαθ’
1123 1501 1141 1571 ὃ
1158 1504 1270 1592 νόμος,

159 1607 206 1670 καὶ
226 1605 362 1684 πολλὰς
377 1609 566 1691 φιλοτιμίας
588 1623 806 1694 περιαιρεῖται
829 1612 887 1692 τῆς
909 1600 1053 1688 πόλεως,
1083 1610 1139 1673 καὶ
1152 1613 1267 1675 τούτο

157 1705 265 1794 ῥᾳδίας
287 1705 376 1794 ὑμᾶς
398 1712 523 1794 νομίζοι
538 1704 759 1795 μαθήσεσθαι.
805 1712 842 1774 In
865 1713 980 1793 quibus
995 1711 1102 1777 verbis
1125 1733 1189 1777 non
1209 1715 1270 1778 tria

157 1819 371 1898 proponuntur,
395 1813 451 1877 sed
467 1814 538 1894 duo,
562 1833 632 1878 cum
649 1814 761 1878 tertius
776 1814 873 1897 locus,
897 1816 951 1896 qui
967 1821 1015 1879 est
1030 1809 1162 1892 πολλὰς
1178 1819 1270 1896 φιλο-

159 1916 252 1997 τιμίας
274 1929 494 2001 περιαιρεῖται
519 1919 576 2000 τῆς
604 1912 747 1993 πόλεως,
769 1921 890 1981 ceteros
913 1916 1025 1981 ambos
1050 1918 1270 2002 amplectatur.

155 2015 310 2099 aquibus
333 2018 536 2102 argumentis,
562 2017 646 2100 quod
666 2018 771 2103 priore
793 2019 862 2083 loco
887 2019 1003 2104 posuit,
1026 2027 1097 2103 pust
1119 2019 1161 2101 id,
1184 2019 1269 2102 qnod

153 2121 320 2202 posteriorc
344 2120 522 2201 collocavit,
544 2126 672 2204 tractat,
695 2121 843 2203 quodque
865 2119 898 2184 in
922 2121 1138 2205 propositione
1154 2122 1270 2201 verbis,

151 2220 323 2301 ,καταλύει
352 2218 464 2287 πάντα
501 2220 543 2287 τὰ
571 2215 767 2314 πράγματα
794 2222 999 2307 significavit,
1029 2223 1062 2288 id
1094 2231 1207 2308 postca
1236 2226 1268 2289 in

149 2329 335 2391 tractatione
357 2326 465 2391 verbis
488 2327 697 2408 ,λυμαίνεται
727 2319 787 2402 τὰς
819 2327 991 2412 στρατείας
1022 2327 1078 2390 καὶ
1106 2322 1165 2402 τὰς
1191 2350 1270 2391 ναυ-

149 2425 254 2506 τικάς(
277 2428 409 2510 indicat,
441 2428 588 2510 quodque
611 2429 643 2492 in
667 2429 825 2492 cummuni
849 2429 1015 2493 ambarum
1039 2429 1268 2512 particularum

148 2533 274 2596 exordio
311 2530 477 2596 vocabulis
509 2544 640 2614 ,συγχεῖ
667 2523 730 2614 τήν
758 2531 950 2595 πολιτείαν(
981 2532 1140 2616 appellat,
1175 2532 1206 2597 id
1235 2533 1268 2596 in

31 2619 39 2655 '³
146 2637 270 2718 proprie
304 2634 438 2699 alterins
470 2635 651 2716 particulae
680 2635 810 2699 exordio
840 2634 959 2717 verbis,
994 2655 1076 2717 quac
1104 2641 1177 2699 sunt
1205 2632 1269 2720 τὴν

39 2717 42 2754 l
148 2737 310 2823 διοίκησιν
334 2738 465 2821 ύιαιρεῑ,
490 2735 662 2818 significat.

39 2825 44 2848 ⁰
227 2841 292 2907 Sed
316 2840 382 2903 ism
398 2842 417 2918 ξ
436 2841 504 2904 102.
520 2840 603 2904 tertii
621 2839 737 2924 capitis
753 2840 855 2904 altera
871 2858 948 2923 pars
971 2838 1146 2903 absolvitur
1162 2838 1268 2904 verbis

41 2925 43 2956 ⁵
144 2942 206 3008 his:
230 2935 273 3008 ού
296 2943 414 3006 τοίνυν
435 2937 544 3024 μόνον
566 2934 607 3005 τὰ
630 2936 822 3027 δικαστήρια
847 2933 955 3026 ἄκυρα
971 2953 1060 3006 ποιεῖ
1081 2942 1152 3005 τῶν
1167 2960 1268 3025 προσ-

37 3040 43 3062 ”’
143 3041 349 3132 τιμημάτων,
375 3035 458 3108 ἀλλὰ
483 3044 625 3120 καὶτοῖς
650 3035 803 3110 οίύικούσι
819 3041 860 3108 τὰ
876 3040 974 3108 κοινὰ
990 3044 1127 3109 δίδωσιν
1148 3036 1269 3142 ἄδειαν,

144 3142 198 3226 τὰς
221 3148 309 3233 ὑπὲρ
340 3151 399 3232 τῆς
421 3143 555 3224 πόλεως
585 3149 756 3234 στρατείας
779 3148 983 3231 λυμαίνεται,
1014 3143 1078 3231 τὴν
1102 3147 1268 3233 διοίκησιν

143 3249 310 3328 καταλύει,
341 3263 412 3326 τοῖς
443 3247 645 3334 κακούργοις
676 3251 733 3314 καὶ
763 3263 834 3327 τοῖς
863 3251 1083 3335 πατραλοίαις
1113 3251 1169 3314 καὶ
1198 3263 1269 3326 τοῖς

43 3417 45 3426 ,
146 3345 380 3442 ἀστρατεύτοις
415 3356 610 3437 βοηθοῦντα
644 3353 775 3418 τέθεικε
808 3345 869 3418 τὸν
903 3349 1018 3437 νόμον.
1083 3354 1120 3417 ln
1154 3353 1268 3435 quibus

39 3473 41 3481 ·
143 3459 249 3524 verbis
273 3459 367 3542 plura
382 3455 460 3520 mihi
485 3463 558 3520 sunt
581 3456 756 3521 offensioni.
801 3459 847 3520 Ac
864 3456 999 3541 primum
1017 3455 1145 3539 quidem
1163 3475 1266 3520 sermo

143 3557 291 3624 hocloco
315 3559 361 3623 ita
384 3558 540 3622 formatus
563 3564 619 3639 cst,
650 3558 751 3640 qnasi,
782 3557 866 3640 quud
898 3559 998 3622 altero
1028 3559 1097 3622 loco
1129 3558 1266 3641 positum

30 3651 44 3693 'l
143 3671 203 3742 cst,
236 3664 270 3727 id
293 3681 333 3726 ca
356 3661 528 3746 particula,
559 3680 641 3743 qnae
672 3660 767 3725 modo
799 3661 983 3738 absolvitur,
1013 3663 1191 3779 expositum
1220 3661 1268 3726 sit.

33 3740 49 3862 l,
143 3765 234 3843 Quod
267 3783 381 3830 revera
404 3764 524 3828 tactum
547 3783 610 3826 non
634 3769 690 3828 cst.
735 3763 817 3827 Nam
841 3760 1267 3842 ἱ]Ιιιι1,τοίςαδικούσιτὰ

143 3865 240 3933 κοινὰ
273 3868 411 3933 δίδωσιν
442 3861 572 3931 ἄδειαν(
604 3865 646 3929 ad
670 3864 709 3951 ἓξ
727 3868 775 3929 88.
799 3872 831 3931 ct
854 3867 901 3928 89.
925 3867 1067 3948 refertur,
1098 3867 1152 3947 qui
1179 3866 1268 3930 locus

38 3957 47 3998 ί
142 3979 217 4037 ants
247 3973 385 4056 priorem
416 3971 649 4035 conclusionem
681 3967 712 4054 (ξ
728 3968 793 4052 90.)
823 3968 967 4034 traditur.
1016 3972 1079 4033 Aut
1109 3971 1205 4052 igitur
1234 3969 1266 4032 in

47 4059 48 4080 ¹
142 4075 323 4155 particulae
347 4073 479 4138 alterius
508 4070 789 4157 comprehensione
812 4071 923 4157 (quam
953 4070 1265 4155 comprehensionem

144 4176 273 4242 vocibus
296 4167 358 4257 ,ού
381 4177 499 4241 τοίνυν
521 4168 647 4261 μόνον(
669 4193 748 4240 sans
772 4175 813 4239 ad
843 4175 959 4259 prioris
990 4174 1168 4256 particulae
1198 4192 1266 4239 scn-

1025 4298 1040 4346 3
