2954 4824
691 405 867 486 4973..-

282 569 413 659 Denique
433 589 587 659 pronomen
606 589 756 645 relativum
776 578 854 648 οἷιτος
871 589 1036 658 pronomine
1056 585 1285 644 demonstrativo
1300 563 1370 644 suii-

194 698 325 765 sequenti
356 698 437 766 qnasi
469 697 497 751 in
529 695 690 752 memoriam
723 702 875 752 revocatur
906 681 1027 758 XXXII.
1054 699 1097 765 32,
1129 697 1294 752 XXXXIII.
1323 699 1369 766 50,

192 805 382 864 XXXXVIII.
392 807 436 874 36,
447 807 489 874 38,
501 809 543 866 39,
554 807 596 866 54,
617 806 777 860 XXXXVI.
789 809 815 874 6,
826 807 859 862 15
870 797 954 872 (ὅσοις
965 835 997 844 -
1008 801 1133 875 τούτοις),
1153 805 1332 864 XXXXVII.
1341 807 1369 872 8,

193 911 355 970 ΧΧΧΧΙΧ.
373 914 398 980 4,
419 914 460 979 16,
479 915 522 980 27,
543 915 586 982 37,
605 915 647 980 66,
668 913 741 971 LIX.
761 915 804 970 79.
820 971 824 976 ,

280 1020 442 1076 PantiouIae
475 1021 600 1083 ἐνταῦνα,
638 1016 697 1072 τότε
726 1020 867 1088 ¹leguntur
905 1024 972 1088 post
1009 1019 1157 1074 eniintista
1183 1011 1365 1076 ‘secundaria

191 1131 311 1187 XXXV.
347 1132 383 1188 30
418 1124 520 1196 (ἐπειδή
555 1158 587 1166 -
623 1126 760 1196 ἐνταῦθα),
805 1127 998 1186 XXXXVIII.
1025 1131 1042 1186 6
1084 1123 1208 1195 (ἐπειδάν
1230 1160 1263 1168 -
1283 1125 1366 1196 τόδ),

192 1237 354 1295 XXXXVI,
374 1238 409 1294 19
428 1230 520 1303 (ὁπότε
539 1265 573 1274 -
592 1230 669 1303 τότε),
701 1235 864 1293 XXXXIX.
885 1235 899 1290 1
920 1231 1041 1301 (ε’πειδάν
1059 1266 1092 1276 -
1111 1231 1191 1304 τόδ’),
1210 1239 1246 1295 62
1265 1233 1369 1304 (ἐπειδή

191 1376 225 1384 -
243 1341 322 1413 τότε),
358 1345 390 1402 L.
410 1345 444 1401 16
467 1334 547 1410 (ὅπου
567 1373 601 1384 -
621 1341 758 1410 ἐνταῦθα),
795 1343 869 1397 LIII.
890 1345 924 1400 16
943 1337 989 1410 (ὡς
1007 1373 1041 1384 —-
1061 1343 1199 1412 nonies),
1237 1345 1315 1404 LIX.
1333 1347 1368 1403 27

191 1444 246 1520 (ὅτε
264 1485 299 1494 -
316 1447 396 1519 τότε),
415 1453 450 1509 37
470 1444 516 1518 (ὡς
534 1481 568 1490 -
587 1445 662 1519 τότ’),
681 1451 716 1506 82
735 1445 793 1517 (ίάν
812 1480 845 1488 -
864 1445 938 1516 τότ’).

262 1559 334 1612 Tum
363 1558 455 1612 oratio
484 1557 626 1626 turbatur,
655 1557 678 1612 si
707 1562 850 1612 structura
870 1558 898 1611 in
918 1557 1001 1612 aliam
1021 1559 1246 1626 commutatu1·¹).
1285 1557 1368 1622 Quod

191 1667 333 1736 quomodo
353 1665 403 1720 fiat
422 1667 477 1720 iam
497 1665 654 1724 videamus.

280 1775 403 1828 Primum
441 1773 643 1829 enuntiationis
674 1775 801 1830 membro
832 1774 910 1830 aliud
941 1774 1123 1832 abundanter
1152 1773 1281 1828 additum
1311 1779 1368 1828 est:

191 1882 311 1940 XXXV.
338 1885 381 1940 31.
400 1887 445 1935 καὶ
468 1881 552 1936 ταῦτα
572 1883 679 1952 ἔφασαν
695 1878 784 1938 πάντα
805 1877 983 1958 ἀντιφορτισθ
1003 1902 1051 1939 νια
1069 1885 1176 1956 μέλλειν
1194 1876 1264 1934 αὐτὰ
1284 1875 1368 1953 ἀγεινς

191 1990 367 2048 XXXXVII.
387 1993 429 2048 63.
449 1983 464 2042 ὁ
484 1986 508 2042 δ’
529 1983 647 2063 Εὔεργος
667 1983 801 2044 οῦτοσὶ-
822 1986 908 2046 ttouv
926 1997 963 2052 είς
982 1986 1067 2064 ἀγρὸν
1084 1987 1116 2042 τά
1134 1984 1271 2044 ὑπόλοιπα
1290 1985 1368 2056 σκεύη

193 2126 225 2136 -
246 2128 280 2136 -
299 2131 334 2140 -
353 2091 439 2166 ᾤχετό
457 2118 514 2169 μου
533 2093 622 2165 λαβὼν
639 2094 672 2150 τὰ
691 2093 776 2165 σκεύη,
805 2101 847 2158 74.
877 2087 953 2152 οῦτοι
970 2094 1024 2173 γὰρ
1044 2093 1134 2167 ᾤοντο,
1154 2090 1183 2152 ὦ.
1204 2091 1229 2150 ἀ.
1249 2097 1283 2157 δ.,
1312 2098 1367 2170 ἐμὲ,

193 2209 216 2259 εἰ
240 2201 324 2258 πολλά
342 2225 398 2277 μου
415 2201 523 2273 λάβοιεν
541 2208 664 2281 ἐνέχυρα,
684 2201 803 2278 ἅσμενον
822 2203 937 2277 ἀφήσειν
953 2225 989 2279 με
1007 2201 1069 2268 τοὺς
1086 2202 1243 2281 μάρτυραςη
1273 2207 1305 2260 L.
1324 2207 1368 2266 52.

190 2308 238 2379 τὴν
263 2313 317 2384 μὲν
342 2306 396 2386 γὰρ
414 2346 449 2356 --
467 2310 559 2385 τριήρη
577 2346 610 2354 -
629 2310 677 2371 τὸν
707 2311 886 2389 Θρασύλοχον
913 2315 951 2384 τῷ
978 2319 1128 2384 Καλλίππῳ
1154 2313 1295 2387 μισθῶσαι
1321 2309 1370 2380 τήν

192 2426 372 2494 τριηραρχίαν
399 2421 518 2493 insanam
555 2423 614 2478 LII.
636 2425 677 2480 13.
707 2418 756 2476 οὐκ
780 2424 887 2493 ἔφασαν
911 2426 1059 2490 Καλλίππῳ
1076 2426 1221 2495 προσέχειν
1238 2417 1287 2477 τὸν
1305 2420 1371 2476 νοῦν

192 2523 273 2584 οῦδὲν
300 2522 340 2588 οἷς
356 2531 434 2598 λέγει,
464 2531 505 2591 19,
527 2526 622 2586 ἰδόντα
653 2526 736 2586 αὗτόν
753 2563 788 2574 -·-
808 2531 892 2604 σιωπή
913 2536 1040 2600 οἴχεσθαι
1059 2525 1181 2593 ἀπιόντα,
1211 2525 1293 2586 στ’·δίν
1311 2524 1372 2584 οἷ’·τε

192 2630 431 2707 ἀμφισβητήσαντα
468 2631 523 2690 οὔτ’
562 2632 700 2692 ἀπειπὸττ’
729 2632 822 2708 αάτόνς
868 2638 943 2696 LIII.
968 2641 993 2696 6.
1012 2631 1262 2710 ἀποδιδράσκουσιν
1287 2632 1369 2694 αὐτὸν

191 2747 291 2798 οἰκέται
317 2751 387 2818 τρεῖς
414 2746 442 2806 ἐξ
470 2740 555 2818 ἀγροῦ
583 2741 656 2819 παρὰ
683 2741 814 2816 τοῦτουςῖ)
851 2746 925 2806 LIX.
953 2748 996 2805 72.
1025 2741 1080 2813 Τήν
1103 2751 1196 2802 τοίνυν
1213 2744 1368 2818 περτφαττῦς

190 2853 358 2924 ἐγνωσμένην
376 2856 450 2919 ξένην
469 2853 545 2914 εἶναι,
557 2884 590 2892 -
610 2857 647 2912 εἰς
664 2851 793 2909 τοσοῦτον
812 2844 910 2926 ῦβρεως
927 2858 972 2906 καὶ
990 2848 1129 2912 ἀναιδείας
1146 2844 1210 2920 ήλθε
1225 2855 1367 2926 Στέφανος

160 2989 165 2994 ·
190 2955 281 3014 οῦτοσλ
299 2965 344 3013 καὶ
355 2965 459 3034 Νέαιρα
469 2951 534 3028 αῦτη
545 2952 604 3014 ὥστ’
616 2957 764 3034 ἐτόλμησαν
773 2955 810 3033 μή
822 2956 933 3030 ἀγαπᾶν
942 2963 965 3014 εἰ
975 2962 1095 3032 ἔφασκον
1104 2956 1186 3038 αὐτήν
1197 2956 1280 3029 ἀστήν
1290 2961 1365 3022 εἶναι,

151 3041 154 3045 -
190 3071 232 3130 77.
254 3061 331 3129 ἀξιον
347 3074 393 3122 καὶ
411 3063 485 3140 ὑμᾶς
497 3066 656 3132 σπουδάσαι,
677 3061 783 3136 ὦά.δ.,
802 3073 849 3122 καὶ
860 3064 923 3130 τοῦς
936 3064 1051 3138 ἀσελγῶς
1061 3070 1115 3141 μὲν
1127 3067 1367 3138 καταφρονοῦντας

188 3175 246 3237 τῶν,
269 3172 363 3248 νόμων
389 3175 442 3232 τῶν
468 3174 610 3251 ὑμετέροιν.
654 3173 772 3238 ἀναιδῶς
799 3173 825 3232 δ’
851 3173 1008 3246 ἠσεβηκότας
1035 3182 1072 3238 εἰς
1097 3171 1161 3236 τοὺς
1185 3170 1269 3234 θεοὺς
1291 3169 1366 3235 ἀξιον

189 3279 395 3357 τιμωρήσασθαι
414 3283 458 3339 oll.
477 3284 640 3344 XXXXVI.
660 3287 685 3343 9.
707 3279 825 3347 τούτους,
845 3284 874 3337 δί
886 3273 1367 3360 ὧνοἱμὲνδικασταὶιίξηπατήθησαν

189 3385 224 3450 ὡς
241 3386 324 3459 ἀληθή
336 3386 439 3447 τούτων
450 3387 667 3466 μαρτυρούντων,
687 3392 761 3450 LIX.
772 3395 796 3450 9.
808 3387 1026 3463 ἀφικόμενοςέπὶ
1037 3391 1172 3464 δραπέτην
1182 3385 1264 3442 αὐτοῦ
1275 3388 1364 3456 ξητῶν.

278 3591 299 3660 ¹)
320 3591 362 3643 Ea
381 3589 489 3658 legens,
516 3605 590 3658 quae
618 3589 646 3643 in
666 3589 852 3658 sequentibus
873 3589 909 3644 de
929 3587 1109 3644 anacoluthis
1130 3588 1278 3656 disseram,
1299 3604 1364 3642 oon·

188 3677 264 3734 feras
283 3679 375 3747 velim,
396 3693 470 3746 quae
491 3679 522 3732 G.
544 3680 576 3737 Η,
597 3677 767 3734 Sohaeierus
786 3679 814 3732 in
830 3679 906 3748 App.
927 3679 987 3734 orit.
1007 3683 1074 3736 tom.
1093 3679 1143 3738 IV.
1154 3684 1183 3733 et
1193 3678 1228 3735 V.
1238 3675 1284 3745 (of.
1296 3677 1364 3736 edit.

188 3765 318 3824 Diodori,
344 3767 395 3826 Ox.
414 3773 433 3821 t.
454 3768 537 3838 VII),
556 3768 754 3838 Fittbogenius
780 3769 796 3822 i.
808 3769 843 3831 d'„
865 3785 891 3838 q.
910 3769 927 3822 i.
941 3769 1083 3824 Orationis
1103 3774 1202 3822 eontra
1223 3767 1363 3821 Neaeram

188 3854 397 3912 Demosthenes
428 3873 484 3911 non
513 3863 558 3912 est
586 3864 685 3913 auotor
716 3859 850 3928 (AIIgem.
871 3858 1083 3928 Sohulzeitung‚
1112 3859 1190 3924 1830,
1218 3856 1308 3915 Abth,
1327 3856 1363 3921 ΙΙ,

188 3948 237 4005 Nn.
256 3948 290 4004 35
309 3951 340 4000 et
358 3949 412 4014 36),
441 3947 630 4016 Lortzingius,
649 3947 856 4014 Itohumannus,
877 3947 1002 4017 siggino,
1024 3944 1152 4002 BlossIus
1170 3947 1199 4001 II.
1212 3946 1240 4006 II.
1254 3945 1293 4000 ad
1307 3945 1362 4000 siu.-

194 4038 277 4104 gqus
297 4037 374 4090 Iooos
395 4042 613 4095 annotaverunt.

277 4128 301 4194 2)
320 4126 395 4184 LIII.
415 4129 463 4184 20:
486 4122 541 4180 Τὸν
559 4125 589 4179 δὲ
609 4122 708 4192 Μάνην
726 4124 852 4194 pendere
872 4142 906 4180 ex
922 4127 1112 4198 ἐναπετίμησεν
1124 4139 1251 4181 neeesse
1264 4139 1363 4189 „aueu-

189 4217 312 4272 setivum
333 4216 509 4270 absolutnm“
531 4216 575 4283 (G.
595 4217 628 4270 H.
649 4215 760 4275 Sohaef.
779 4216 797 4276 I.
816 4217 833 4270 I.
853 4217 886 4284 Π,
907 4218 970 4283 314)
990 4216 1171 4284 perspicuum
1191 4220 1243 4270 est.
