2954 4824
207 371 227 431 6

208 537 351 620 vocibus,
381 557 463 620 quas
493 537 653 620 Taylorus
683 537 803 618 attulit,
841 543 907 600 tum
939 556 978 601 en
1011 536 1099 617 aliis,
1134 555 1215 618 quas
1244 535 1321 600 idem

207 641 423 725 Harpocratio
440 660 503 704 non
520 641 751 720 Timocrateae,
774 641 824 703 oui
840 639 985 718 debebat,
1009 639 1066 702 sed
1082 639 1323 718 Andr-otioneae,

207 744 240 807 in
264 762 328 824 qua
351 763 413 806 non
436 742 599 824 leguntur,
622 743 781 824 attribuit,
804 761 930 806 errasse
953 747 1020 804 tarn
1043 741 1132 806 illum
1156 741 1323 822 lexicogra-

208 845 308 930 phum
339 864 435 926 quam
459 845 660 909 Ammonium
693 851 789 926 atquc
820 844 1001 908 confudisse
1032 844 1139 906 animo
1170 843 1325 907 orationes

208 950 241 1010 in
273 947 500 1014 Androtionem
531 953 562 1011 et
594 948 626 1010 in
651 948 863 1012 Timocratem
895 946 1032 1010 habitas.
1077 943 1169 1022 Quod
1199 945 1323 1027 quidem

207 1069 244 1114 eo
268 1049 393 1114 lucilius
416 1049 462 1113 eis
477 1039 631 1114 ausiulere
654 1049 771 1132 potuit,
801 1049 878 1129 quia
908 1054 1097 1131 argumenta
1126 1048 1239 1110 harum
1263 1067 1325 1110 ora-

207 1143 328 1215 tionum
360 1151 478 1214 similia
503 1159 575 1213 sunt
600 1152 686 1214 etin
711 1158 845 1232 utraque
869 1156 1009 1214 actorum
1035 1156 1143 1232 partes
1159 1149 1199 1212 ab
1215 1149 1325 1213 iisdem

207 1259 373 1337 susceptas
403 1271 473 1317 esse
503 1272 574 1334 neo,
604 1254 689 1334 quod
721 1258 817 1336 caput
845 1259 906 1333 est,
937 1254 968 1315 in
993 1252 1196 1316 Timocratea
1228 1252 1327 1314 minus

209 1376 307 1437 quam
348 1356 380 1418 in
416 1355 634 1419 Androtionea
669 1353 896 1419 Androtionem
935 1355 1001 1437 peti
1042 1355 1196 1418 videmus.
1255 1355 1327 1418 Post

207 1458 383 1540 Taylorum
407 1457 444 1522 G.
467 1465 502 1522 A.
526 1456 688 1520 Beckerus
698 1457 722 1540 ¹)
753 1455 835 1519 hano
865 1459 1046 1544 orationem
1070 1475 1133 1520 non
1157 1475 1229 1520 esse
1252 1475 1327 1536 eam,

207 1579 289 1642 quae
319 1559 406 1643 apud
438 1559 559 1623 iudices
589 1559 699 1622 habita
723 1560 776 1640 sit,
807 1559 863 1623 sed
895 1578 991 1640 quam
1015 1559 1248 1623 Demosthenes
1276 1557 1327 1621 ad-

211 1663 407 1727 umbraverit
443 1663 547 1744 magis
585 1681 679 1744 quam
711 1661 930 1745 perpoliverit,
967 1661 1067 1724 iactat
1097 1661 1203 1744 potius
1236 1680 1327 1742 quam

208 1766 301 1830 certis
324 1765 521 1847 argumentis
537 1765 741 1829 demonstrat.
780 1764 900 1829 Contra
916 1764 1089 1846 Taylorum
1106 1769 1137 1827 ct
1153 1763 1327 1828 Beckerum

208 1875 330 1951 pugnat
361 1867 637 1949 Funlrhaenelius,
678 1866 732 1947 qui
763 1867 795 1929 in
826 1865 1039 1949 praelatione,
1069 1886 1166 1948 quam
1198 1866 1327 1930 editioni

207 1969 300 2032 huius
324 1969 476 2032 orationis
499 1968 679 2051 praemisit,
711 1968 756 2032 sie
785 1967 922 2032 iudicat:
957 1968 1004 2049 ,Si
1033 1988 1116 2050 quae
1140 1974 1214 2031 sunt
1237 1969 1269 2032 in
1292 1985 1328 2032 ea

207 2070 470 2155 (Androtionea),
504 2089 589 2152 quae
626 2068 730 2133 minus
764 2069 808 2134 sis
842 2069 1045 2153 probaturus,
1085 2090 1123 2134 ea
1157 2070 1253 2135 facile
1286 2071 1329 2134 ita

206 2173 353 2239 excusari
388 2179 558 2255 memento,
597 2178 631 2236 ut
662 2174 918 2257 δευτερολογίαν
948 2192 1020 2238 eam
1051 2175 1228 2237 orationem
1261 2193 1328 2238 esse

201 2269 341 2359 reputes.
394 2276 476 2339 Hinc
513 2275 613 2338 nimia
644 2275 803 2339 interdurn
835 2275 978 2340 brevitas
1009 2277 1040 2338 in
1073 2275 1208 2358 singulis
1240 2295 1339 2358 argu·

206 2380 321 2443 mentis
363 2386 394 2442 et
427 2377 563 2459 legibus,
605 2396 688 2458 quae
721 2384 831 2441 contra
865 2379 1085 2442 adversarium
1121 2379 1331 2461 proferuntur,

205 2481 411 2564 exponendis,
433 2479 507 2544 hinc
530 2480 670 2544 studium
694 2479 787 2559 illud,
811 2481 896 2566 quod
912 2479 1161 2563 deprehendisse
1177 2500 1237 2564 ego
1255 2479 1331 2544 mibi

205 2585 329 2665 videor,
357 2583 400 2646 ad
429 2583 523 2647 finem
553 2602 619 2646 rem
652 2581 788 2646 ducendi
813 2589 843 2647 et
874 2603 1004 2646 oausam
1029 2590 1061 2647 et
1091 2584 1329 2648 excusationem

205 2688 356 2771 habet‘2)
401 2687 437 2750 Α.
461 2684 685 2766 Schaeferus3)
709 2691 831 2765 autem,
854 2684 1118 2767 diligentissimus
1141 2704 1246 2749 rerum
1272 2687 1332 2750 De-

208 2788 477 2854 mosthenicarum
518 2793 686 2869 scrutator,
728 2787 766 2850 de
801 2786 1019 2852 Androtionea
1061 2788 1214 2852 iudicium
1250 2789 1331 2853 ferre

204 2911 238 2956 se
271 2912 333 2954 non
364 2889 483 2954 audere
513 2889 638 2954 fatetur.
683 2887 865 2973 Blassiusl)
889 2889 1039 2972 denique,
1070 2890 1124 2972 qui
1155 2891 1331 2956 novissime

203 2995 234 3056 in
267 2994 367 3075 libro,
391 3012 483 3074 quem
518 2992 556 3056 de
585 2997 745 3056 oratorum
770 2992 947 3056 Atticorum
979 2993 1161 3075 eloquentia
1194 2987 1330 3078 scripsit,

204 3115 274 3160 eum
317 3095 535 3176 quaestionem
576 3095 696 3176 tetigit,
733 3113 926 3176 quamquam
968 3095 1102 3160 Beckeri
1148 3097 1328 3180 opinionem

203 3197 319 3276 reiecit,
342 3203 459 3277 tamen,
482 3195 559 3278 quid
582 3216 622 3259 ex
645 3196 730 3259 omni
753 3196 847 3260 huius
871 3198 1024 3261 orationis
1049 3198 1158 3261 habitu
1181 3200 1330 3282 colligen-

203 3302 276 3364 dum
302 3301 356 3382 sit,
378 3306 470 3365 tacet

288 3404 371 3468 Ecce
398 3401 567 3467 diversitas
589 3401 715 3465 iudiciil
759 3401 829 3465 Etsi
860 3402 892 3465 in
924 3421 960 3467 eo
985 3423 1094 3468 omnes
1119 3405 1328 3479 consentiunt,

205 3505 289 3586 quod
327 3506 503 3570 orationem
541 3505 572 3567 in
610 3504 838 3570 Androtionem
877 3505 1019 3568 habitam
1059 3526 1079 3570 a
1114 3506 1328 3571 Demosthene

205 3609 293 3670 nullo
321 3607 415 3672 modo
438 3625 533 3692 posse
557 3605 732 3670 abiudicari
761 3607 820 3670 sibi
848 3613 1089 3690 persuaserunt,
1119 3617 1224 3673 tamen
1249 3614 1328 3672 cete-

203 3711 331 3792 roquin,
372 3710 449 3792 quid
483 3710 523 3774 de
563 3709 716 3773 orationis
747 3709 839 3772 huius
871 3711 1057 3775 condicione
1089 3719 1186 3792 atque
1216 3709 1328 3774 habitu

202 3813 409 3876 iudicandum
432 3813 480 3895 sit,
504 3812 702 3876 dissentiunt.
748 3813 909 3895 Taylorus
931 3819 964 3876 el
987 3813 1150 3878 Beckerus
1172 3813 1328 3891 mutilam,

203 3913 466 3978 Fuuklraenelius
517 3915 676 3996 integram
718 3913 927 3996 omnibusque
968 3917 1108 3979 numeris
1147 3915 1326 3980 absolutam

292 4085 317 4148 1)
336 4081 541 4137 Demosthenes
559 4083 600 4136 als
620 4081 796 4136 Staatsmann
816 4083 872 4136 und
891 4083 1012 4150 Reduer,
1031 4101 1057 4151 p.
1071 4088 1119 4139 378
1139 4099 1214 4152 seqq.

288 4172 316 4235 2)
333 4168 408 4222 Edit.
427 4167 514 4236 praef.
533 4185 558 4236 p.
578 4168 639 4222 XII.
659 4173 687 4222 et
705 4169 809 4236 proleg.
828 4185 855 4236 p,
869 4173 892 4222 3.

288 4258 316 4320 3)
337 4253 540 4308 Demosthenes
560 4254 617 4308 und
637 4253 714 4308 seine
731 4253 803 4320 Zeit,
823 4255 877 4309 vol.
898 4255 931 4307 V.
945 4273 970 4324 p.
985 4258 1041 4310 3²2.

287 4344 315 4411 4)
334 4338 464 4398 Attisohe
482 4338 709 4407 Beredsamkeit,
727 4339 782 4393 vol.
800 4339 850 4394 ΙΙΙ.
