2998 4826
707 189 745 248 27

149 395 189 436 ex
208 382 340 453 tempore
354 372 477 445 dixerat,
500 372 540 432 ad
554 373 694 453 scriptam
707 381 823 453 partem
838 372 978 436 orationis
993 373 1090 454 coepit
1102 371 1267 434 adscribere
1278 372 1309 448 ι),

151 477 205 539 sed
227 477 316 538 etiam
338 483 431 536 totam
453 475 693 554 Ctesiphonteam
715 476 745 536 in
768 475 859 537 talem
880 476 1008 538 formam
1028 476 1166 556 redigere,
1191 473 1310 555 qualem

151 580 237 641 edere
258 579 288 639 in
310 578 465 658 publicum
487 578 681 640 constituerat
691 580 722 660 1).
766 580 878 640 Eorum
907 579 998 658 igitur
1023 579 1170 659 graduum
1197 577 1310 658 primus

151 689 249 762 potest
269 681 369 744 vocari
390 681 634 741 commentarium
656 682 796 742 orationis
803 679 826 764 8)
849 682 991 762 scriptum
1013 689 1082 744 ants
1104 681 1182 742 diem
1208 678 1310 741 iudicii

151 784 200 845 vel
227 784 279 844 der
304 783 531 862 urspriingliohe
558 784 745 866 Entwurf⁴),
778 785 924 846 secundus
952 784 1157 846 additamenta
1187 783 1218 843 in
1246 781 1311 864 ipso

149 886 259 947 iudicio
280 886 363 947 facta
384 885 434 949 vel
455 886 503 946 die
521 873 716 948 'mimdlichen
738 887 906 968 Zusatzefi),
927 887 1031 948 tertius
1052 887 1150 948 forma
1169 885 1311 947 orationis

149 998 218 1069 post
254 989 332 1050 diem
369 989 484 1050 iudicii·
507 997 684 1050 retractatae
715 989 764 1051 vel
798 991 846 1052 die
878 989 1076 1052 schliessliche
1104 989 1269 1052 Redactiou
1280 989 1310 1069 ο).

150 1092 253 1171 Atque
279 1091 356 1151 illud
383 1092 637 1166 commentarium,
669 1093 749 1172 quod
775 1093 807 1153 in
834 1094 929 1173 primo
957 1093 1052 1173 gradu
1076 1093 1174 1173 posui,
1203 1093 1311 1154 Demo·

150 1194 278 1268 sthenes,
300 1215 361 1273 qua
384 1203 448 1255 erat
468 1195 634 1274 prudentia,
655 1195 699 1256 ita
720 1195 849 1257 debebat
866 1196 1027 1270 instituere,
1054 1204 1088 1257 ut
1108 1216 1151 1270 ea,
1182 1215 1259 1275 quas
1279 1194 1311 1256 in

151 1297 262 1356 iudicio
285 1297 421 1357 addenda
443 1297 500 1358 sibi
522 1317 586 1358 esse
606 1298 742 1377 putabat,
772 1299 904 1359 ordinem
925 1299 1065 1360 orationis
1086 1299 1118 1358 iu
1139 1298 1311 1362 universum

154 1420 215 1459 non
235 1399 448 1478 perturbarent.
491 1400 528 1460 Id
551 1409 651 1460 autem
673 1400 783 1480 optime
804 1401 923 1464 videtur
948 1401 1011 1462 fieri
1032 1401 1175 1481 potuisse,
1204 1401 1230 1462 si
1252 1401 1311 1462 De·

155 1502 330 1574 mostheues,
352 1523 419 1562 cum
441 1524 458 1562 a
479 1503 567 1564 rebus
588 1503 707 1583 publice
728 1505 817 1583 gestis
839 1512 869 1565 et
889 1504 1008 1565 initium
1024 1513 1054 1566 st
1074 1503 1163 1566 finem
1177 1524 1311 1566 summae

154 1605 364 1684 disputationis
387 1626 457 1666 suae
477 1615 631 1685 repeteret,
664 1606 695 1666 iu
716 1606 814 1668 media
841 1615 937 1686 parte,
967 1607 1000 1668 in
1027 1627 1089 1688 qua
1115 1627 1161 1669 res
1191 1607 1311 1670 minoris

155 1815 177 1852 e.
196 1815 221 1866 q.
240 1815 261 1850 s.
298 1795 337 1849 of.
361 1796 410 1848 va.
428 1795 460 1857 x,
481 1810 536 1859 012,
564 1795 629 1854 ses,
654 1792 788 1860 nurui,
812 1809 896 1856 mor,
914 1759 964 1858 Ν,
992 1795 1021 1860 1,
1043 1810 1071 1861 p.
1088 1795 1140 1846 402
1159 1791 1248 1862 wyte.
1267 1795 1312 1848 vu
1343 1863 1345 1870 ,
1387 1795 1391 1806 ·

153 1903 180 1954 p.
207 1885 287 1945 1033,
314 1901 352 1936 vs.
374 1884 477 1936 38-40
495 1881 537 1935 ed.
557 1881 733 1946 Didotiauae)
751 1876 813 1938 τοὺς
830 1879 862 1934 δὲ
881 1882 1022 1939 πλείστους
1045 1879 1141 1950 λόγους
1163 1879 1240 1933 εἷπεν
1264 1883 1311 1948 (so.
1417 1923 1418 1928 ,

153 1973 308 2040 Demosth.)
327 1965 549 2037 αὐτοσχεδιάσας,
574 1961 604 2019 εὖ
627 1964 697 2037 πρὸς
720 1964 784 2019 αὐτὸ
809 1964 942 2037 πεφυκώς.
978 1968 1138 2023 Schmieder
1162 1969 1201 2038 (in
1219 1986 1311 2038 progr.

152 2077 245 2130 gymn.
273 2057 477 2126 Colbergensis,
509 2057 587 2120 1870,
621 2072 650 2123 p.
676 2057 702 2124 6)
731 2071 764 2109 eo
794 2055 903 2109 videtur
926 2055 1072 2124 inclinare,
1098 2060 1130 2110 ut
1160 2057 1244 2110 etiam
1272 2073 1311 2111 or.

153 2146 345 2215 Olynthiacam
364 2145 385 2197 Ι,
405 2161 438 2196 ex
457 2149 582 2211 tempore
600 2143 724 2196 habitam
744 2159 801 2196 essa
820 2160 876 2196 uon
893 2148 985 2212 neget.

222 2233 423 2301 ovenses,
448 2247 518 2298 quae
541 2232 605 2298 περὶ
627 2225 710 2298 τύχης
732 2229 775 2300 (ἐξ
793 2230 845 2284 252
864 2247 887 2283 e.
913 2248 938 2298 q.
962 2231 993 2299 s.)
1018 2233 1047 2284 ot
1070 2231 1133 2299 περὶ
1160 2226 1313 2292 δεινότητος

155 2319 199 2390 (ἓξ
218 2323 269 2374 276
288 2338 311 2373 e.
331 2337 356 2387 q.
376 2319 408 2386 s.)
432 2323 529 2372 contra
547 2318 690 2371 Aeschinis
709 2319 794 2372 verba
813 2318 948 2385 exposuit.
986 2318 1102 2385 Quinam
1121 2317 1154 2371 lit
1173 2318 1262 2386 aliter,
1281 2321 1313 2372 ut

156 2408 217 2474 illa,
243 2424 313 2474 quae
336 2389 400 2459 ante
416 2407 548 2458 iudicium
572 2406 745 2459 lucratione
769 2405 872 2474 scripta
895 2422 951 2460 οοο
976 2409 1109 2473 poteraut
1134 2405 1236 2471 inesse,
1262 2423 1312 2461 noa

155 2512 231 2548 nunc
249 2495 353 2562 scripta
370 2492 512 2562 legamus?
582 2494 609 2562 2)
627 2494 800 2548 Documento
819 2499 861 2546 est
878 2492 921 2559 id,
946 2493 1020 2561 quod
1038 2510 1065 2560 p.
1086 2491 1121 2546 20
1140 2510 1162 2547 ο.
1181 2511 1207 2561 q.
1227 2511 1247 2546 s.
1266 2511 1311 2547 cx-

154 2582 244 2651 posui,
264 2582 415 2634 oratiouem
425 2581 532 2647 xvffl,
546 2581 633 2648 qualis
646 2599 720 2634 nunc
735 2583 818 2635 estin
831 2579 980 2646 codicibus,
998 2581 1086 2634 multo
1100 2597 1159 2634 ease
1170 2581 1311 2648 maiorem,

154 2687 238 2738 quam
256 2687 328 2738 quac
345 2667 374 2722 in
391 2669 495 2722 iudicio
513 2670 636 2736 potuerit
654 2670 774 2723 recitari.
804 2669 898 2724 Simile
917 2672 959 2721 est
978 2668 1016 2734 (id
1034 2668 1110 2736 quod
1127 2669 1240 2737 primus,
1258 2671 1311 2724 nisi

154 2758 244 2824 fallor,
264 2757 406 2824 Sauppeus
426 2772 488 2810 cum
506 2757 615 2810 ratione
632 2757 712 2810 huius
727 2757 859 2810 orationis
873 2756 1102 2810 Demosthenicae
1122 2759 1310 2827 comparavit),

155 2845 230 2913 quod
249 2844 344 2898 Cicero
369 2847 502 2898 maiorem
527 2849 637 2912 partem
663 2845 818 2898 orationum
837 2844 873 2898 ad
891 2844 1006 2897 Verrem
1028 2845 1228 2912 pertinentium
1251 2850 1311 2900 tum

156 2933 264 2986 demum
282 2933 369 2986 literis
387 2932 542 2998 mandavit,
568 2949 629 2985 cum
654 2949 717 2985 reus
735 2930 824 2988 Roma
849 2931 990 3000 profectus
1012 2937 1092 2985 esset.
1129 2932 1257 2987 Ceterum
1276 2934 1311 2988 cl.

154 3021 224 3074 haec
240 3022 326 3074 verba
339 3021 476 3074 Ciceronis
490 3020 587 3086 (Brut,
607 3037 629 3073 c.
643 3021 699 3084 24);
720 3019 887 3087 „pleraeque
906 3021 978 3072 enim
995 3019 1155 3073 scribuntur
1171 3021 1312 3076 orationes

155 3109 268 3162 habitae
290 3109 358 3173 iam,
381 3125 437 3162 οοο
460 3117 492 3160 ut
515 3108 697 3161 habeantur“.
732 3107 826 3160 Etiam
851 3107 1024 3161 Caemmerer
1049 3107 1093 3175 (de
1113 3107 1188 3177 dupl.
1206 3126 1310 3164 recens.

155 3214 194 3251 or.
207 3196 376 3249 Aeschineae
396 3199 493 3247 contra
512 3193 582 3247 Ctes.
596 3194 669 3259 hab,
691 3196 766 3259 1876,
786 3211 813 3262 p.
827 3196 861 3247 50
871 3199 899 3247 et
912 3196 956 3262 31)
974 3196 1083 3262 putavit
1096 3196 1311 3251 Demosthenem

155 3284 222 3350 „lite
244 3283 383 3350 dirempta
408 3299 485 3336 suam
509 3282 663 3335 orationem
687 3284 880 3335 retractasse“.
951 3283 979 3348 3)
998 3282 1106 3350 Sequor
1129 3285 1213 3338 verba
1236 3284 1311 3338 Cice-

156 3371 229 3423 ronis
253 3371 359 3438 (Brut,
383 3373 432 3436 44,
459 3371 528 3437 164).
599 3368 709 3434 4)an
731 3385 831 3421 nomeu
854 3373 995 3421 mutuatus
1020 3385 1079 3422 sum
1103 3368 1310 3425 aKirohhoffio

155 3460 191 3526 (p.
209 3460 251 3524 67,
269 3461 313 3522 80,
331 3457 383 3526 86).
418 3457 515 3524 Neque
533 3461 628 3510 tamen
645 3458 710 3522 scio,
728 3474 794 3509 num
813 3472 924 3510 necesse
942 3458 978 3509 sit
996 3473 1091 3510 omnes
1110 3474 1172 3510 oum
1193 3457 1308 3512 Kirohh.

157 3547 193 3612 (p.
215 3547 258 3615 84)
285 3545 320 3598 de
344 3549 469 3614 tempore
493 3545 575 3598 huius
601 3544 792 3598 commentarii
814 3544 1009 3598 Demosthenis
1034 3545 1198 3598 consentire.
1238 3545 1310 3600 Nam

155 3634 262 3686 etiamsi
280 3634 427 3686 verisimile
448 3637 490 3686 est
507 3633 598 3701 prima
616 3633 695 3700 quasi
718 3631 886 3686 lineamenta
904 3631 940 3684 ad
959 3632 994 3684 ol.
1015 3634 1079 3697 111,
1106 3635 1119 3685 1
1139 3633 1183 3686 vel
1203 3636 1267 3700 111,
1293 3637 1310 3687 2

153 3719 310 3773 revocanda
328 3737 399 3787 ease,
423 3722 517 3788 potnit
535 3725 628 3773 tamen
647 3718 722 3787 fiori,
747 3723 779 3772 ut
798 3721 881 3773 etiam
899 3725 965 3787 post
988 3720 1050 3772 illos
1069 3737 1155 3773 annos
1174 3720 1310 3788 quaedam

153 3807 276 3861 eiusdem
293 3808 381 3876 partis
400 3808 487 3861 literis
506 3807 712 3861 mandarentur.
776 3807 804 3873 ὅ)
823 3805 910 3873 Quam
928 3811 994 3876 apta
1015 3806 1100 3860 fuerit
1116 3808 1309 3862 Demostheni·

153 3895 282 3949 celeritas
300 3895 405 3964 ingenii
423 3894 459 3948 ad
477 3895 682 3948 criminationes
703 3894 923 3948 adversariorum
942 3911 976 3948 ex
992 3899 1118 3964 tempore
1135 3896 1308 3963 refellendas,

153 3983 361 4036 demonstratur
378 3983 417 4035 eis
436 3982 578 4050 exemplis,
596 3998 667 4050 quae
684 3981 773 4048 Plut,
791 3981 882 4050 Dem,
906 3982 1057 4051 8(Liba1a,
1081 3983 1118 4036 ad
1135 3983 1223 4052 Dent,
1239 4001 1268 4052 p.
1287 3986 1305 4035 4

151 4071 195 4140 R.)
223 4075 253 4124 et
271 4073 302 4124 ll
323 4074 351 4123 et
369 4073 402 4122 27
431 4070 534 4124 attulit.
570 4068 610 4122 ef.
637 4070 728 4136 ipsum
747 4069 826 4124 Dcm
846 4071 878 4123 18
906 4069 939 4140 ἐξ
962 4071 1012 4124 136
1035 4075 1063 4124 et
1084 4073 1147 4123 244.
1218 4072 1247 4139 6)
1266 4070 1306 4124 Cf.

152 4159 185 4212 A.
203 4156 390 4220 Soractem,
407 4157 455 4224 ΠΙ,
472 4157 498 4219 2,
516 4159 550 4210 72
568 4174 591 4211 e.
610 4175 638 4225 q.
655 4175 677 4211 a.

1469 3879 1489 3928 A
