2998 4826
693 213 731 272 21

74 419 78 431 ·
137 395 265 476 denique
307 395 387 458 locos
429 397 619 475 gravissimos
654 396 735 460 lente
776 398 965 478 graviterque
1005 399 1144 460 recitaret
1153 399 1189 479 ¹),
1233 419 1295 460 una

137 519 206 559 cum
228 499 405 561 intermixtis
425 499 508 559 haud
530 500 633 579 paucis
654 498 766 561 tabulis
788 499 928 580 publicis,
959 501 1098 581 epistolis,
1125 500 1229 563 libello
1249 523 1297 564 aa·

136 601 291 674 cusatorio,
313 601 488 662 testimoniis
512 600 637 680 aliisque
658 601 751 664 literis
762 604 785 680 8)
808 603 906 664 minus
928 604 1068 682 temporis
1090 605 1220 684 spatium
1237 603 1295 665 sibi

136 702 301 782 postularet
321 724 412 785 quam
436 705 485 784 6³)
507 703 604 764 horas.
647 703 707 764 Sed
728 705 819 765 etiam
841 703 989 784 Ctesipho,
1018 704 1049 764 id
1072 705 1151 786 quod
1172 726 1211 767 ex
1232 707 1296 768 iure

135 803 238 866 Attico
250 809 272 885 ι)
304 806 367 867 fieri
396 805 537 880 debebat,
573 827 628 886 pro
660 826 692 866 se
723 807 786 886 ipse
819 814 889 868 ante
915 807 1146 869 Demosthenem
1177 808 1296 888 615115)

135 907 242 988 Itaque
268 909 293 968 is
322 908 443 968 modum
472 928 533 969 non
559 908 678 970 videtur
705 908 859 982 excedere,
890 908 942 988 qui
964 909 1163 989 Ctesiphontis
1184 918 1215 971 et
1235 911 1295 973 Da·

133 1010 295 1072 mosthenis
327 1010 548 1072 defensionibus
580 1011 662 1091 apud
692 1010 804 1073 iudices
839 1011 969 1073 recitatis
1004 1016 1020 1073 7
1052 1012 1139 1074 horas
1173 1012 1295 1076 tribuat

133 1113 249 1174 Eadem
280 1123 380 1175 autem
406 1114 454 1175 die
475 1114 639 1175 Aeschines
671 1114 888 1175 accusationem
914 1113 1052 1176 recitavit
1062 1117 1092 1194 8).
1134 1115 1295 1184 Faciamus

132 1216 296 1277 orationem
318 1216 524 1290 Aeschineam,
552 1237 629 1297 quae
650 1237 731 1278 nunc
752 1237 791 1278 ex
814 1219 874 1278 260
898 1223 932 1294 56
956 1225 1084 1292 5555151,
1112 1221 1132 1280 4
1153 1219 1242 1280 horas
1263 1219 1295 1280 in

132 1319 243 1380 iudicio
265 1319 322 1380 sibi
342 1319 516 1398 postulasse.
559 1320 628 1396 Quo
649 1319 696 1393 fit,
725 1327 760 1380 ut
788 1340 849 1380 una
877 1319 1040 1399 eademque
1069 1320 1116 1384 615
1145 1321 1294 1383 156151555

134 1442 178 1496 55,
201 1442 278 1501 quae
298 1441 351 1501 pro
371 1420 554 1501 litigantium
574 1431 659 1501 parte
680 1430 806 1502 utraque
827 1421 876 1484 vel
897 1430 1001 1483 contra
1021 1432 1179 1504 utramque
1193 1424 1295 1486 affere·

134 1524 253 1598 bantur,
279 1544 332 1604 per
354 1527 391 1586 11
414 1523 502 1585 horas
524 1525 673 1585 audienda
694 1523 811 1586 fuerint
854 1525 892 1585 Id
912 1524 1031 1587 videtur
1051 1525 1176 1587 nimium
1198 1527 1294 1590 oneris

133 1648 204 1690 esse.
247 1627 329 1688 Nam
349 1627 456 1688 nostris
477 1627 659 1707 temporibus
681 1635 711 1688 et
731 1647 797 1688 raro
817 1627 852 1689 fit
872 1635 903 1689 et
923 1649 1034 1708 magna
1061 1630 1153 1690 moles
1177 1631 1295 1693 videtur

132 1751 208 1805 esse,
241 1731 267 1790 si
289 1720 409 1809 quando
430 1730 572 1791 iudicium
595 1751 613 1790 a
640 1729 771 1790 secunda
798 1739 867 1791 ante
894 1730 1045 1792 meridiem
1073 1731 1147 1793 hora
1174 1733 1293 1797 initium

131 1833 233 1913 capiat
253 1841 284 1894 et
305 1853 399 1911 usque
421 1832 461 1894 ad
482 1834 639 1913 septimam
660 1840 728 1912 post
741 1831 893 1894 meridiem
907 1833 1012 1894 horam
1026 1833 1174 1913 pertineat
1184 1839 1213 1918 7),
1235 1836 1253 1900 't
1268 1858 1292 1900 e.

133 1936 253 2000 9horas
275 1935 333 1996 sibi
353 1935 492 2015 postulet
525 1935 584 1997 Sed
606 1935 644 1996 ad
664 1934 739 2010 illas,
762 1955 837 2014 quas
858 1934 950 2014 paulo
972 1944 1042 1996 ante
1056 1935 1127 2012 dixi,
1151 1942 1188 2000 11
1204 1939 1292 2002 horas

131 2039 278 2101 accedunt
308 2038 399 2100 etiam
428 2037 513 2101 aliae.
561 2038 642 2098 Nam
672 2045 741 2098 ante
773 2037 953 2098 accusatoris
983 2038 1144 2101 orationem
1173 2041 1292 2118 iudices,

131 2161 257 2222 quorum
278 2161 435 2202 numerum
456 2140 487 2200 in
509 2148 595 2202 tanta
609 2160 701 2202 causa
721 2139 804 2200 haud
819 2138 961 2218 exiguum
976 2139 1069 2202 fuisse
1082 2145 1251 2221 putaverim
1261 2146 1292 2224 ⁸),

110 2351 222 2420 Max„
245 2349 322 2414 VIII,
346 2348 392 2412 10,
419 2348 534 2400 externa
556 2344 637 2412 (51155
660 2344 734 2398 iocos
762 2342 798 2396 ad
821 2343 893 2400 hanc
917 2360 976 2398 rem
999 2345 1171 2413 pertinentes
1196 2348 1292 2404 attulit

135 2437 319 2502 Stechowius,
343 2435 378 2488 de
395 2434 452 2486 vita
470 2432 569 2487 15555.
589 2449 638 2499 or,
658 2434 734 2498 1841,
754 2449 781 2501 p.
802 2433 843 2500 15,
862 2432 1047 2502 numerate).

203 2525 227 2593 1)
245 2523 396 2588 Debemus,
413 2522 551 2590 legentes,
574 2523 606 2573 ut
625 2519 758 2587 exemplis
776 2523 855 2586 utar,
879 2519 1069 2588 paragraphos
1090 2523 1113 2589 l,
1140 2525 1203 2591 141,
1230 2526 1291 2593 208,

38 2675 40 2680 ,
134 2613 230 2667 conari
250 2610 417 2680 cogitatione
436 2609 552 2677 assequi,
572 2613 707 2676 quantum
724 2609 858 2661 momenti
876 2610 944 2674 tum,
964 2624 1026 2660 cum
1045 2608 1155 2662 easdem
1167 2609 1199 2680 §§
1210 2610 1292 2666 homo

133 2700 201 2754 artis
220 2699 328 2767 peritus
346 2696 452 2761 recitet,
471 2697 501 2750 in
520 2697 577 2749 eius
595 2711 663 2749 voce
681 2695 756 2748 insit.
827 2694 855 2764 2)
875 2693 916 2746 01.
936 2693 968 2765 ἐξ
985 2697 1027 2760 29,
1046 2697 1089 2763 37,
1115 2698 1169 2764 39,
1183 2699 1224 2765 54,
1249 2701 1292 2768 73,

132 2789 175 2854 75,
193 2789 236 2854 77,
255 2788 297 2853 34,
316 2787 358 2851 90,
378 2786 419 2852 92,
442 2785 500 2851 105,
521 2786 571 2838 106
591 2782 713 2852 (1555155
731 2781 821 2848 6555),
843 2782 893 2834 115
913 2781 942 2849 (1.
962 2782 1134 2853 complures),
1154 2786 1212 2852 118,
1232 2788 1291 2856 120,

135 2877 193 2942 135,
213 2877 271 2942 137,
292 2874 343 2927 154
361 2873 391 2940 (1
410 2871 529 2939 compl),
550 2871 608 2938 155,
629 2871 688 2938 157,
713 2871 768 2930 164,
781 2868 811 2938 (1.
832 2869 951 2937 compl),
970 2869 1020 2924 166
1038 2870 1068 2937 (1.
1088 2873 1206 2943 compl),
1232 2873 1291 2941 161,

133 2965 197 3030 212,
220 2963 286 3028 214,
312 2963 364 3014 217
389 2959 561 3028 (1555551),
585 2961 636 3012 221
663 2957 808 3027 (epistolae
831 2956 950 3025 compl),
975 2958 1026 3010 223
1046 2957 1076 3025 (1.
1096 2961 1215 3030 compl),
1240 2963 1292 3016 267

134 3049 301 3116 (testimonia
320 3046 439 3115 compl),
459 3048 519 3114 239,
539 3047 597 3100 305.
668 3046 696 3113 3)
714 3044 796 3097 Η556
815 3043 880 3110 5515,
900 3060 935 3096 55
952 3061 1010 3098 555
1027 3044 1221 3101 Demosthenis
1238 3063 1292 3104 vox

134 3142 163 3192 51
180 3138 283 3204 latera,
302 3140 333 3188 ut
351 3134 386 3187 de
403 3134 538 3187 memoria
556 3150 629 3187 nunc
647 3136 771 3199 taceam,
795 3132 880 3185 talem
899 3131 1024 3185 laborem
1043 3133 1178 3188 sustinere
1196 3141 1292 3204 potue·

133 3225 198 3280 rint.
235 3223 310 3293 (Qui,
336 3221 461 3290 quamvis
486 3225 558 3274 esset
577 3221 759 3288 exercitatus,
785 3218 868 3273 homo
893 3224 986 3273 tamen
1011 3218 1073 3288 fuit,
1097 3238 1153 3275 555
1177 3221 1291 3292 ferreus,

135 3329 224 3382 neque
242 3309 392 3380 quidquam
411 3308 525 3362 humani
550 3309 584 3362 55
610 3325 642 3361 55
660 3307 780 3362 alienum
805 3306 888 3360 fuisse
914 3307 1046 3361 debemus
1069 3310 1187 3377 putare.)
1222 3310 1293 3365 Erat

136 3401 208 3454 enim
226 3402 307 3453 15515
323 3413 393 3451 voce
412 3395 568 3463 dicendum,
589 3399 621 3449 ut
643 3412 700 3448 555
726 3395 813 3448 solum
831 3394 949 3462 iudices,
974 3395 1022 3448 556
1041 3396 1124 3449 etiam
1142 3397 1291 3452 multitudo

137 3492 291 3542 ceterorum
315 3483 472 3550 hominum,
500 3484 547 3551 qui
572 3501 586 3537 e
610 3487 672 3537 1515
695 3482 812 3537 Graecia
835 3487 1023 3536 convenerant
1050 3482 1159 3550 (Aesch.
1179 3486 1195 3538 3
1215 3484 1230 3555 ξ
1249 3487 1291 3540 56.

137 3576 204 3643 Cic,
222 3575 249 3629 6.
270 3576 328 3642 opt.
347 3588 409 3642 gen.
428 3587 477 3638 or.,
497 3570 513 3641 ᾗ
530 3573 587 3639 22),
606 3571 724 3626 oratoris
742 3570 828 3624 verba
853 3569 1029 3636 exaudirent,
1048 3569 1212 3638 praesertIm
1229 3590 1291 3628 oum

134 3661 335 3732 Demosthenis
347 3659 437 3713 oratio
454 3675 511 3712 non
524 3659 613 3712 minus
633 3659 668 3712 ad
686 3659 737 3712 hos
751 3674 834 3726 quam
852 3657 888 3711 ad
907 3657 967 3712 illos
981 3661 1192 3712 converteretur
1204 3659 1292 3727 (Dem.

135 3753 168 3804 13
186 3749 202 3820 6
220 3749 289 3818 196).
324 3748 473 3801 Praeterea
491 3746 642 3800 tenendum
661 3745 758 3810 estid,
784 3745 859 3814 quod
880 3744 943 3811 oia,
969 3744 1086 3812 65155,
1105 3746 1128 3812 Ι,
1151 3763 1174 3800 5.
1196 3749 1228 3800 17
1248 3765 1292 3801 ex·

133 3837 223 3909 ponit,
243 3837 266 3890 si
279 3835 451 3890 audientium
464 3834 549 3887 animi
568 3833 667 3887 defessi
686 3833 741 3887 sint
754 3832 900 3900 55615565,
918 3833 947 3885 15
964 3835 1074 3888 oratore
1086 3851 1293 3904 nonnumquam

132 3924 245 3980 offendi.
293 3921 342 3992 (01.
368 3923 448 3977 Deru.
475 3925 506 3976 18
530 3921 546 3992 ξ
571 3924 604 3976 50
627 3919 847 3992 παρηνώχλησθε
875 3925 903 3974 51
930 3919 945 3991 6
968 3922 1020 3973 214
1045 3917 1163 3990 μάταιον
1191 3917 1291 3994 ὄχλον.)

133 4013 163 4082 4)
183 4012 401 4077 6555555555,
425 4009 471 4064 Gr.
496 4009 562 4076 Alc,
586 4009 620 4077 1³,
648 4027 676 4078 p.
701 4010 762 4063 515.
835 4007 862 4076 5)
886 4005 985 4061 Aesoh.
1011 4006 1080 4077 3ξὲ
1098 4012 1148 4063 201
1177 4014 1206 4064 51
1231 4014 1291 4066 202.

134 4103 161 4169 6)
180 4101 258 4154 Dem.
279 4101 311 4152 13
330 4097 345 4168 §
364 4100 416 4152 225
434 4093 551 4168 τήμερον
569 4097 696 4171 ῥηθῆναι.
748 4095 788 4164 ,7)
805 4095 863 4150 Nos
883 4095 998 4148 dicimus
1018 4112 1090 4163 „von
1104 4099 1137 4150 10
1149 4097 1208 4153 Uhr
1220 4097 1292 4154 Mor·

133 4206 201 4259 gens
220 4188 264 4242 bis
283 4202 372 4258 gagen
390 4189 407 4238 7
426 4186 487 4242 Uhr
505 4184 645 4240 65556511.
717 4184 745 4253 8)
763 4183 921 4251 Lelandius,
948 4201 987 4238 or.
1007 4182 1040 4238 51
1054 4183 1144 4253 Deru,
1172 4185 1225 4239 vol.
1243 4185 1290 4252 ΙΙΙ,
