2954 4824
214 279 254 339 34

212 445 346 508 tentiam
369 463 525 508 summam
549 447 655 506 orator
677 441 795 506 referre
818 439 932 524 potuit)
956 440 1057 504 artius
1079 439 1329 521 coniungendam

212 546 272 610 fnit
302 545 347 626 id,
378 544 462 626 quod
493 544 594 627 primo
623 539 850 608 lomberd
881 538 1079 626 δικαστήρια
1109 536 1218 626 ἄκυρα
1246 555 1331 606 ποιεῖ
1411 556 1413 560 ·

125 681 127 686 ·
211 651 283 712 τῶν
304 639 593 730 προςτιμημάταιν,
625 664 695 710 cum
718 665 765 726 eo,
795 645 879 726 quod
902 645 1002 708 altero
1025 645 1094 707 loco
1116 645 1255 728 positum
1280 651 1325 725 est,

211 749 239 814 h.
254 751 273 814 i.
296 739 520 824 τοῑςοίδικοῖσι
550 746 591 812 τὰ
621 740 718 812 κοινὰ
756 748 893 812 δίδωσιν
924 739 1048 824 ἄδειαν,
1086 752 1142 809 aut
1175 747 1203 809 is
1237 747 1327 826 locus,

212 851 254 914 ad
285 871 377 932 quem
409 851 508 915 verba
537 863 626 928 ,τοῖς
657 841 807 914 ἀδικοῦσι
837 846 880 914 τὰ
907 845 1005 912 κοινὰ
1034 849 1170 913 δίδωσιν
1202 842 1330 912 ἄδειαν(

212 953 389 1020 referuntur
411 953 528 1034 quique
551 972 634 1016 nunc
656 951 784 1034 quidem
808 958 884 1016 ante
907 951 990 1036 §db
1013 951 1135 1032 legitur,
1158 955 1230 1034 post
1254 949 1333 1014 banc

211 1054 449 1138 paragraphum
480 1056 647 1144 ponendus
674 1055 740 1119 fnit.
793 1055 905 1135 Neque
937 1052 1074 1117 dubitari
1106 1058 1226 1136 potest,
1259 1052 1332 1134 quin

211 1160 251 1237 ἓξ
267 1159 316 1220 88.
339 1164 370 1221 et
394 1159 442 1220 89.
466 1177 522 1241 per
546 1176 579 1221 se
603 1157 730 1238 quidem
754 1168 821 1222 tam
844 1161 919 1220 ante
941 1154 1024 1240 §bo
1047 1175 1144 1236 quam
1167 1160 1240 1238 post
1263 1175 1334 1218 eam

212 1261 287 1342 poni
310 1259 442 1342 possint,
466 1281 536 1324 cum
561 1260 730 1341 conclusio,
761 1278 843 1340 quae
866 1257 950 1342 §ab
974 1257 1158 1337 continetur,
1182 1259 1251 1320 eius
1275 1256 1335 1320 loci

211 1363 333 1428 nullam
358 1364 515 1428 rationem
532 1363 659 1442 habeat,
683 1361 862 1440 dummodo,
886 1381 950 1444 qua
973 1361 1100 1426 fortuna
1120 1362 1335 1444 transpositae

211 1466 282 1546 sint,
304 1465 518 1529 demonstrari
542 1465 652 1548 possit.

297 1567 362 1632 Sed
392 1567 491 1630 aliam
523 1587 649 1648 qnoque
672 1566 827 1650 praebent
850 1566 948 1631 verba
972 1564 1078 1652 §102
1104 1564 1336 1630 difficultatem.

212 1667 315 1746 Quam
346 1671 376 1733 in
408 1690 445 1734 eo
475 1690 546 1734 esse
577 1670 682 1751 video,
712 1670 797 1751 quod
829 1690 891 1734 nno
922 1675 1031 1734 tenore
1061 1669 1208 1732 dicuntur
1235 1659 1335 1750 atque

212 1773 305 1853 quasi
328 1771 360 1834 in
383 1773 495 1836 eodem
513 1772 614 1853 gradu
638 1773 699 1836 sita
722 1779 794 1836 sunt
810 1791 857 1853 ea,
881 1791 965 1854 qnae
981 1772 1047 1834 iam
1071 1771 1336 1835 antecedentibus

212 1875 318 1944 verbis
341 1875 501 1959 explicata
524 1883 606 1959 sunt,
628 1876 646 1938 i.
663 1894 689 1940 e.
713 1875 760 1959 (ut
782 1876 919 1940 alterum
942 1877 1045 1939 locum
1068 1894 1150 1938 nunc
1173 1875 1335 1959 omittam)

209 1979 321 2043 tertius
350 1985 381 2042 et
411 1983 545 2059 quartus
574 1978 662 2042 locus
694 1974 765 2061 (τὰς
795 1972 880 2060 ὑπὲρ
911 1980 970 2063 τῆς
999 1973 1131 2053 πόλεως
1162 1979 1336 2060 στρατείας

211 2082 414 2163 λυμαίνεται,
437 2072 500 2162 τὴν
524 2080 688 2164 διοίκησιν
711 2076 885 2162 καταλύει)
909 2087 948 2159 et,
971 2080 1055 2162 quod
1079 2085 1113 2142 ut
1134 2099 1253 2142 novum
1277 2080 1336 2142 ali-

211 2182 296 2263 quid,
319 2189 354 2244 ut
376 2181 520 2264 proxime
543 2181 781 2262 insequentibus
802 2181 908 2245 verbis
930 2187 1116 2263 exponatur,
1137 2182 1337 2264 proponitur,

209 2283 228 2351 i.
248 2303 273 2348 e.
305 2283 433 2364 quintus
463 2284 551 2347 locus
583 2283 667 2365 (τοῖς
697 2280 899 2366 κακούργοις
929 2284 984 2348 καὶ
1015 2296 1086 2358 τοῖς
1114 2283 1336 2366 πατραλοίαις

209 2387 359 2461 καὶτοῖς
392 2376 629 2469 ἀστρατεύτοις
658 2389 856 2470 βοηθοῦντα
877 2385 1008 2450 τέθεικε
1033 2377 1095 2448 τὸν
1117 2377 1249 2469 νόμον),
1279 2387 1336 2468 qui

208 2489 296 2552 locus
319 2489 479 2572 copiosius
502 2487 667 2569 usquead
692 2486 710 2572 ξ
730 2492 798 2552 107.
821 2494 983 2552 tractatur.

294 2591 403 2656 Habes
434 2589 637 2654 difficultates
670 2590 852 2672 verborum,
882 2610 965 2673 quae
987 2593 1093 2670 §102
1124 2591 1335 2674 continentur,

209 2712 293 2776 quae
316 2693 525 2756 difficultates
549 2692 580 2754 in
605 2711 642 2756 eo
666 2699 845 2774 cernuntur,
867 2693 952 2775 quod
974 2694 1093 2758 τοίνυν
1116 2714 1177 2757 vox
1205 2696 1334 2758 conclu·

207 2796 279 2860 siva
301 2803 336 2858 ut
358 2797 403 2860 ita
437 2796 553 2876 dicam,
583 2794 615 2857 vi
639 2801 772 2878 accepta
797 2796 931 2860 anobis
959 2802 1015 2860 est.
1060 2795 1124 2860 Sed
1156 2796 1334 2878 videamus,

208 2918 292 2979 quae
315 2898 473 2962 sententia
496 2898 624 2977 oriatur,
648 2896 854 2962 adversativa
868 2897 890 2982 ¹)
913 2899 946 2962 vi
970 2917 1081 2982 eaque,
1108 2918 1193 2980 quae
1217 2900 1260 2962 ad
1284 2919 1333 2963 co

207 3001 385 3084 pulativam
408 3001 552 3083 proxime
575 2999 708 3082 aceedit,
737 3000 904 3084 supposita
928 3000 975 3063 illi
997 3001 1140 3081 voculae,
1170 3002 1227 3081 qni
1256 3021 1332 3065 usus

207 3102 293 3186 apud
319 3102 566 3167 Demosthenem
593 3102 697 3186 ipsum
726 3102 1000 3183 frequentissimus
1023 3110 1080 3168 est.
1135 3101 1205 3178 fluo
1232 3103 1277 3189 fit,
1299 3118 1333 3170 ut

207 3225 310 3270 sermo
347 3205 392 3269 ita
431 3204 587 3270 formatus
625 3223 696 3269 esse
734 3205 892 3289 videatur,
937 3206 1045 3287 quasi
1067 3204 1331 3270 antecedentibus

207 3308 311 3372 verbis
333 3306 412 3386 nihil
427 3306 489 3371 nisi
504 3307 583 3371 illud
606 3300 666 3385 ,τὰ
690 3303 882 3392 δικαστήρια
901 3300 1007 3390 ἄκυρα
1031 3321 1122 3372 ποιεῖ
1136 3311 1207 3374 τῶν
1230 3326 1330 3392 προσ·

206 3407 416 3496 τιμημάτων(
438 3416 609 3474 tractatum
640 3411 689 3491 sit,
719 3411 925 3492 sequentibus
955 3415 1062 3475 autem
1094 3412 1272 3492 tractanda,
1297 3419 1329 3476 ut

206 3533 299 3594 nova,
320 3519 538 3597 proponantur
561 3513 688 3596 reliqua
707 3518 827 3579 cuncta.
872 3513 985 3594 Neque
1007 3513 1103 3596 plane
1126 3513 1224 3578 simili
1244 3519 1328 3578 tran-

206 3614 319 3696 sitione
357 3614 602 3679 Demosthenem
641 3616 673 3678 in
711 3619 800 3691 ste.
836 3635 929 3679 usum
963 3635 1035 3680 esse
1073 3622 1172 3680 taceo.
1224 3614 1326 3693 Quam

207 3716 439 3799 difficultatem,
470 3736 663 3798 quamquam
695 3720 824 3800 gravior
854 3719 909 3799 iis,
946 3737 1027 3800 quas
1055 3739 1152 3802 supra
1186 3718 1325 3802 exposui,

206 3837 278 3882 esse
311 3817 443 3895 videtur,
473 3824 581 3882 tamen
610 3818 738 3883 facilius
768 3821 878 3884 sanari
909 3839 1003 3903 posse
1033 3839 1136 3902 spero.
1186 3821 1268 3884 Nam
1299 3819 1324 3880 si

205 3918 245 4004 ἐξ
264 3922 455 4004 lca—107,
485 3940 566 4001 quas
596 3921 829 4001 subsequantur
859 3924 898 4001 ἓξ
923 3924 970 3984 88.
994 3927 1026 3986 et
1052 3924 1110 4003 89,
1140 3928 1214 3986 ante
1236 3920 1254 4006 ξ
1277 3923 1324 3983 91.

205 4023 387 4107 inserueris,
409 4043 504 4104 qnam
536 4022 617 4088 bene
640 4024 749 4087 omnia
773 4025 855 4088 inter
878 4044 912 4089 se
935 4031 1121 4108 congruant,
1151 4022 1322 4089 miraberis.

294 4196 318 4260 1)
336 4189 438 4244 Confer
456 4192 591 4259 Krueger.
610 4197 684 4262 synt.
702 4209 730 4262 p.
746 4195 803 4248 327.
