2984 4830
1267 277 1309 340 35

170 457 225 519 Αο
251 471 298 516 ne
328 451 407 515 lllud
438 451 565 532 quidem
597 457 662 512 tum
686 447 853 512 offensioni
884 465 955 511 esse
978 451 1091 530 potest,
1120 446 1215 528 quod,
1238 467 1308 528 ¹quo

169 555 296 619 ordine
318 553 452 638 (5102.)
475 554 547 618 illos
577 558 713 634 quatuor
743 552 830 614 locos
857 549 1063 630 sequentibus
1092 548 1198 613 verbis
1228 555 1307 612 trac-

168 657 301 720 tandos
329 658 507 740 proposuit,
544 654 679 720 eundem
710 655 743 716 in
773 652 965 716 tractatione
1002 651 1074 734 ipsa
1104 657 1212 714 orator
1243 671 1305 714 non

167 767 301 841 servat,
323 779 398 821 nam
422 758 505 822 idern
531 758 562 820 in
587 755 804 839 propositione
823 757 843 834 ξ
859 755 908 816 91.
931 753 1110 834 neglectum
1133 772 1205 817 csse
1228 752 1306 817 ridi-

167 881 259 926 mus.
306 860 398 938 Quae
421 862 448 924 si
472 867 556 924 reete
587 859 836 941 disputavimus,
866 857 958 938 longe
980 856 1074 938 plura
1102 857 1133 918 in
1161 857 1306 918 oratione

166 965 387 1028 Timocrates
418 963 606 1046 perturbata
637 981 707 1025 csse
738 960 892 1035 videntur,
924 979 1019 1040 quam
1050 957 1155 1021 adhuc
1184 977 1205 1020 a
1227 957 1305 1020 viris

164 1067 284 1132 doctis
307 1072 486 1131 monstrata
508 1073 590 1129 sunt.

264 1169 334 1233 Iam
362 1167 648 1252 argumentationis
678 1164 772 1230 tertia
795 1183 871 1248 pars
901 1163 989 1227 finita
1012 1169 1072 1238 est,
1103 1182 1176 1244 qua,
1205 1181 1301 1244 quam

164 1271 397 1337 calamitatem
430 1272 481 1336 lex
512 1271 713 1334 Timocraten
748 1266 870 1330 civibus
899 1267 1014 1330 afferre
1044 1265 1159 1348 possit,
1195 1270 1303 1328 orator

163 1374 384 1440 demonstrat.

261 1480 395 1559 §5102
426 1484 457 1540 et
492 1479 558 1539 103.
589 1482 689 1539 totam
721 1471 1046 1555 argumentationem,
1076 1491 1133 1535 cur
1163 1472 1213 1536 lex
1244 1472 1302 1536 illa

163 1578 389 1663 improbanda
413 1581 463 1661 sit,
493 1585 600 1642 orator
623 1575 783 1642 concludit
805 1574 855 1638 his
878 1573 1000 1638 verbis:
1031 1566 1204 1658 Βούλομαι
1234 1577 1302 1640 τολ-

164 1705 238 1746 νυν
261 1676 342 1765 ὑμῖν
365 1676 385 1746 ἃ
411 1675 602 1765 ὑπεσχόμην
630 1679 666 1744 ἐν
689 1669 772 1761 ἀρχῇ
800 1681 863 1742 τοῦ
886 1673 999 1760 λόγου,
1031 1668 1301 1762 ἀπολογίσασθαι

164 1781 386 1868 πεποιηκότα
402 1781 557 1866 ἐμαυτόν.
594 1780 677 1866 ἔφην
694 1773 755 1864 γὰρ
773 1778 879 1844 αὐτὸν
893 1778 1073 1863 ἐξελέγξειν
1089 1776 1175 1846 κατὰ
1189 1779 1300 1846 πάντα

166 1882 295 1968 ἔνοχον
326 1881 409 1950 ὄντα
439 1890 479 1968 τῇ
511 1889 630 1969 γραφῇ,
662 1887 803 1966 πρῶτον
832 1882 892 1966 μὲν
922 1880 1014 1966 παρὰ
1049 1881 1130 1961 τούς
1175 1881 1300 1969 νόμους

166 1993 440 2072 νομοθετοῦντα,
465 1985 624 2072 δεύτερον
647 1986 680 2049 δὲ
708 1977 893 2050 ὑπεναντία
915 1998 985 2062 τοῖς
1009 1971 1083 2050 οὖσι
1107 1983 1222 2071 νόμοις
1249 2013 1299 2072 γε·

165 2086 336 2174 γραφότα,
365 2092 481 2176 τρίτον
506 2092 539 2156 di
564 2094 703 2155 τοιαῦτα
727 2080 768 2155 dr'
785 2077 834 2154 civ
857 2085 997 2168 βλάπτει
1020 2085 1083 2173 τὴν
1105 2086 1216 2154 πόλιν.
1261 2094 1298 2156 ln

165 2212 237 2274 qua
262 2194 477 2270 conclusione,
507 2213 578 2257 eum
608 2194 747 2258 dilucide
778 2201 843 2258 tres
874 2193 1159 2274 argumentationis
1182 2200 1299 2276 partes,

165 2314 254 2378 quas
270 2301 378 2358 orator
394 2298 589 2376 tractaverit,
613 2297 846 2378 discernantur,
868 2294 902 2358 id
917 2295 1125 2361 memorabile
1140 2303 1197 2381 est,
1213 2297 1297 2379 quod

164 2417 205 2462 se
228 2399 322 2462 istam
346 2400 569 2482 tripartionem
585 2400 619 2463 in
636 2401 767 2462 exordio
791 2400 997 2482 proposuisse
1020 2400 1148 2465 indicat.
1185 2401 1298 2482 Neque

165 2501 255 2564 enirn
281 2501 346 2565 ullo
368 2501 463 2564 huius
486 2503 644 2566 orationis
660 2501 729 2565 loco
745 2502 820 2565 talis
835 2502 1007 2584 tripartitio
1023 2521 1107 2566 nunc
1128 2504 1297 2596 invenitur,

164 2602 285 2668 nedum
309 2602 362 2678 ibi,
385 2602 438 2666 ubi
454 2604 646 2685 requirenda
662 2611 719 2685 est,
741 2603 874 2686 legatur.
919 2603 1004 2667 Nam
1020 2603 1060 2667 iis
1077 2604 1188 2686 verbis,
1212 2628 1297 2689 quae

166 2704 269 2767 totius
286 2705 574 2787 argumentationis
586 2705 834 2791 propositionem
852 2705 1014 2769 continere
1025 2706 1173 2772 videntur
1185 2709 1218 2794 (ξ
1231 2711 1298 2804 ll),

164 2805 247 2870 nihil
270 2807 332 2869 nisi
355 2807 476 2888 primus
508 2807 689 2892 partitionis
718 2807 807 2870 locus
837 2807 955 2872 diserte
979 2807 1183 2890 significatur,
1215 2814 1297 2878 alter

164 2915 276 2974 autem
314 2908 347 2972 in
388 2909 569 2976 universum
600 2910 822 2974 tantummodo
852 2911 1071 2992 adumbratur,
1104 2932 1174 2977 eum
1211 2919 1296 2981 tertii

163 3011 255 3076 nulla
278 3013 396 3076 mentio
420 3011 482 3078 fiat.
526 3015 594 3079 Nec
625 3019 735 3078 tamen
768 3011 860 3076 nobis
890 3013 1084 3097 persuadere
1114 3017 1297 3102 poterimus,

164 3115 428 3196 Demosthenem,
459 3137 529 3183 cunr
553 3118 683 3182 disertis
705 3125 802 3199 atque
825 3118 988 3202 expressis
1012 3118 1116 3184 verbis
1138 3122 1293 3204 recapitu-

162 3217 315 3280 lationem
342 3221 634 3299 argumentationis
650 3221 693 3286 ad
708 3221 873 3286 exordium
890 3229 1061 3303 revocaret,
1090 3222 1172 3288 adeo
1187 3231 1293 3290 mente

163 3327 294 3402 captum
317 3321 426 3401 luisse,
457 3331 500 3404 ut,
530 3323 607 3406 quid
630 3325 662 3386 in
687 3324 818 3388 exordio
843 3327 1069 3410 proposuisset,
1098 3326 1195 3410 plane
1217 3327 1292 3391 obli·

165 3419 343 3486 viseerctur.
390 3423 455 3486 Aut
479 3427 576 3511 igitur
599 3427 765 3491 exordium
783 3433 840 3491 aut
860 3428 1093 3494 conclusionem
1110 3435 1292 3511 corruptam

162 3541 233 3590 csse
256 3543 387 3591 necesse
412 3535 472 3610 est,
503 3549 640 3612 cumque
663 3531 826 3596 conclusio
857 3530 1004 3595 omnibus
1034 3532 1173 3596 numeris
1200 3532 1292 3596 abso·

161 3625 230 3689 luta
253 3628 294 3690 sit
310 3636 408 3710 atque
432 3635 555 3716 optime
571 3650 606 3695 se
623 3631 749 3714 habeat,
772 3651 909 3716 cumque
930 3635 1164 3716 argumentatio
1182 3652 1293 3698 revera

163 3727 325 3810 tripartita
348 3729 399 3806 sit,
423 3741 523 3799 restat
539 3743 573 3797 ut
589 3751 776 3800 accusemus
800 3735 974 3800 exordium.
1018 3737 1132 3817 Atque,
1146 3771 1188 3782 -
1204 3736 1294 3802 rides

161 3849 257 3912 quarn
283 3834 362 3896 bene
395 3831 504 3901 circuli
528 3835 757 3918 disputationis
788 3847 918 3902 nostrae
948 3840 1139 3904 conveniant
1162 3875 1202 3884 -
1225 3839 1291 3902 iam

159 3939 234 4015 tum,
257 3952 328 3997 eum
353 3940 569 4004 tractaremus
592 3939 770 4016 exordium,
800 3939 859 4004 hoc
882 3939 974 4004 nobis
998 3960 1018 4002 a
1041 3943 1201 4006 nonnullis
1223 3961 1294 4024 par·

157 4035 242 4098 tibus
265 4039 451 4120 suspectum
475 4042 580 4132 visum
605 4047 661 4124 est,
683 4042 819 4120 eiusque
834 4061 905 4108 earn
932 4047 1063 4126 partem,
1087 4063 1170 4125 quae
1193 4063 1293 4125 usque

158 4137 200 4202 ad
224 4141 381 4220 ,πρῶτον
402 4139 463 4218 pir
487 4135 560 4218 οὑν,
585 4131 669 4224 ὅπερ
686 4135 821 4224 η’ὀλκηοι
840 4145 996 4228 πρῶτονι
1020 4145 1165 4228 pertinet,
1187 4145 1291 4211 deleu-

1050 4263 1082 4318 3*
