2954 4824
651 1152 828 1236 Vita.

267 1409 372 1473 Natus
395 1429 463 1472 sum
486 1408 726 1472 Hermanuus
741 1411 776 1476 A.
794 1407 826 1471 F.
844 1407 955 1472 Vieze
977 1405 1115 1471 Berolini
1132 1407 1205 1471 Kal.
1222 1407 1301 1472 Nor.

181 1532 209 1576 a.
225 1511 253 1577 h.
269 1531 292 1576 s.
310 1511 381 1575 LlV
397 1517 488 1594 patre
504 1510 715 1595 dominando,
737 1516 839 1575 matre
862 1510 1013 1575 Carolina
1030 1516 1156 1591 egente
1180 1510 1302 1574 Dense-

181 1615 265 1696 wita‚
287 1633 420 1694 quorum
444 1619 589 1678 neutrum
606 1612 808 1696 superstitem
824 1632 894 1677 esse
911 1613 1013 1696 lugeo,
1035 1631 1105 1675 eum
1128 1612 1210 1676 haec
1224 1610 1301 1675 mihi

182 1717 352 1799 septimum
375 1716 490 1781 aetatis
514 1737 633 1781 annum
663 1717 771 1798 agenti
794 1723 904 1798 erepta
929 1716 977 1792 sit,
1008 1715 1061 1780 ille
1084 1720 1191 1780 autem
1214 1715 1303 1796 quin-

183 1820 284 1885 decim
309 1839 411 1883 anuos
441 1818 517 1884 milri
541 1826 617 1883 nato
633 1820 701 1883 rita
723 1818 904 1884 decesserit.
948 1817 1039 1883 Fidei
1062 1818 1209 1882 addictus
1231 1838 1301 1882 sum

181 1923 398 2005 euangelicae.
441 1923 510 1987 Iam
540 1943 612 1986 mox
643 1942 760 1986 nonum
790 1940 908 1985 annum
939 1921 1043 1985 iniens
1073 1921 1115 1985 ad
1143 1921 1301 1985 elementa

182 2024 336 2090 discenda
358 2025 390 2088 in
414 2025 538 2108 patriae
566 2025 676 2088 ludum
700 2024 883 2107 literarium,
906 2024 956 2088 cui
978 2043 1092 2088 nomeu
1115 2024 1184 2106 ‚Du
1207 2023 1304 2087 John·

185 2129 259 2192 sche
283 2127 511 2193 Mittelschule‘
534 2133 611 2211 erat,
633 2127 788 2192 deductus
810 2147 890 2192 sum.
933 2129 1030 2192 Patre
1045 2133 1168 2191 mortuo
1191 2126 1304 2190 tutoris

183 2251 281 2315 opera
304 2231 448 2312 eiusque,
479 2231 529 2296 oui
559 2229 621 2296 hae
651 2231 826 2294 studiorum
857 2249 998 2294 meorum
1028 2228 1188 2314 primitiae
1219 2228 1304 2295 dedi-

184 2341 305 2417 cantur,
327 2333 386 2397 viri
402 2333 594 2399 liberalitate
619 2333 848 2416 benignissima
872 2333 1011 2397 alumnis
1032 2333 1195 2418 gymnasii
1216 2332 1304 2397 illius

183 2437 361 2517 clarissimi,
384 2437 467 2518 quod
493 2436 534 2500 ab
557 2435 709 2520 oppidulo
731 2434 962 2501 Joachimsthal
983 2455 1099 2500 nomeu
1122 2435 1226 2518 traxit,
1249 2434 1304 2499 ad·

183 2539 319 2623 scriptus
343 2560 423 2623 sum,
450 2537 503 2602 ubi
526 2539 600 2603 inde
623 2558 643 2601 a
666 2539 770 2604 classe
792 2537 886 2603 tertia
908 2537 1057 2603 inferiore
1080 2558 1138 2621 per
1160 2537 1305 2602 Vanuos

184 2648 214 2707 et
237 2641 402 2706 dimidium
419 2640 769 2724 praestantissimorum
785 2647 1025 2725 praeceptorum
1042 2640 1213 2724 disciplina
1229 2659 1304 2704 usus

183 2765 262 2826 sum,
292 2763 372 2825 quos
401 2763 472 2807 cum
503 2764 614 2809 omnes
645 2750 710 2808 tum
743 2743 892 2808 Carolum
924 2742 1119 2828 Schaperum
1151 2751 1303 2808 rectorem

184 2855 279 2930 grata
296 2847 352 2930 pia
369 2865 429 2928 que
444 2847 598 2912 memoria
614 2865 739 2930 semper
755 2846 867 2911 colam.
911 2846 1107 2910 Maturitatis
1123 2846 1304 2911 testimonio

186 2952 357 3013 instructus
369 2949 496 3014 nomine
512 2949 599 3033 apud
615 2948 874 3034 philosophorum
888 2950 920 3012 iu
933 2949 1144 3014 universitate
1159 2948 1304 3013 literaria

187 3052 385 3118 Berolineusi
418 3051 560 3116 ordinem
593 3052 669 3116 dato
698 3052 781 3117 inter
811 3052 897 3117 cives
927 3051 1129 3117 academicos
1158 3057 1306 3134 receptus

185 3176 253 3218 sum
288 3138 398 3237 atque⁴
418 3173 475 3237 per
497 3156 541 3218 lV
565 3175 667 3219 annos
697 3154 824 3218 scholas
853 3154 964 3218 audivi
999 3155 1137 3218 virorum
1169 3154 1305 3219 clarissi-

185 3278 307 3322 morum
331 3251 536 3342 Droyseui,
567 3257 773 3340 Huebneri,
801 3257 837 3320 A.
861 3249 1092 3336 Ki'rchhofli‚
1116 3256 1305 3341 Kieperti,

185 3359 419 3435 Mommseui,
442 3359 633 3441 Nitzsehi‚
655 3359 699 3424 de
722 3358 957 3442 'Preitsclrki,
979 3358 1151 3439 Vahleni,
1173 3359 1217 3424 de
1234 3359 1306 3422 Wi-

185 3461 701 3544 lamowitzi-Moellendorfi,
725 3461 876 3527 Zelleri.
919 3461 1011 3544 Regii
1027 3461 1191 3527 seminarii
1206 3461 1305 3545 philo-

185 3564 259 3648 logi,
282 3565 367 3647 quod
390 3585 410 3628 a
431 3563 627 3629 Kirchhoflio
650 3570 681 3628 et
696 3563 842 3628 Vahleno
865 3565 992 3647 regitur,
1014 3563 1135 3629 sodalis
1157 3564 1202 3628 fui
1226 3564 1307 3628 ordi-

185 3668 294 3731 narius
317 3686 374 3749 per
404 3666 573 3749 quinquies
604 3686 698 3731 senos
725 3686 866 3751 meuses3
896 3665 939 3730 ad
970 3667 1213 3732 exercitationes
1242 3686 1307 3748 eas,

187 3789 271 3850 quac
294 3769 336 3834 ad
360 3770 545 3835 Suetonium
569 3776 600 3834 et
624 3769 800 3833 Lucianum
824 3769 1021 3853 spectabant,
1044 3769 1241 3852 Huebnerus,
1263 3769 1306 3833 ad

185 3891 259 3954 eas,
286 3891 371 3952 quae
392 3870 433 3935 ad
450 3870 697 3955 Aristophanem
715 3871 933 3954 pertinebant,
963 3879 994 3936 et
1016 3872 1058 3936 ad
1074 3871 1307 3956 epigraphioas,

186 3972 403 4039 Kirclrholfius
419 3974 540 4039 aditum
558 3973 634 4038 mihi
650 3973 806 4057 praebuit.
852 3975 910 4038 His
929 3974 1006 4038 viris
1022 3975 1169 4039 omnibus
1183 3975 1306 4057 gratias

185 4097 247 4160 ago
271 4097 367 4159 quam
392 4078 561 4143 maximas.

594 4267 897 4278 ψ
