<?xml version="1.0" encoding="UTF-8"?>
<!DOCTYPE html PUBLIC "-//W3C//DTD XHTML 1.0 Transitional//EN"
    "http://www.w3.org/TR/xhtml1/DTD/xhtml1-transitional.dtd">
<html xmlns="http://www.w3.org/1999/xhtml" xml:lang="en" lang="en">
 <head>
  <title>
</title>
<meta http-equiv="Content-Type" content="text/html;charset=utf-8" />
  <meta name='ocr-system' content='tesseract 3.04.00' />
  <meta name='ocr-capabilities' content='ocr_page ocr_carea ocr_par ocr_line ocrx_word'/>
</head>
<body>
  <div class='ocr_page' id='page_1' title='image "./dedemosthenisor00hubogoog_0040.png"; bbox 0 0 2998 4826; ppageno 0'>
   <div class='ocr_carea' id='block_1_1' title="bbox 713 186 752 244">
    <p class='ocr_par' dir='ltr' id='par_1_1' title="bbox 713 186 752 244">
     <span class='ocr_line' id='line_1_1' title="bbox 713 186 752 244; baseline 0 0"><span class='ocrx_word' id='word_1_1' title='bbox 713 186 752 244; x_wconf 89' lang='lat'>31</span> 
     </span>
    </p>
   </div>
   <div class='ocr_carea' id='block_1_2' title="bbox 136 364 1313 757">
    <p class='ocr_par' dir='ltr' id='par_1_2' title="bbox 136 364 1313 757">
     <span class='ocr_line' id='line_1_2' title="bbox 137 364 1312 450; baseline 0.003 -24"><span class='ocrx_word' id='word_1_2' title='bbox 137 364 180 426; x_wconf 94' lang='lat' dir='ltr'>ad</span> <span class='ocrx_word' id='word_1_3' title='bbox 203 365 329 432; x_wconf 89' lang='lat' dir='ltr'>bellum</span> <span class='ocrx_word' id='word_1_4' title='bbox 350 377 454 429; x_wconf 88' lang='lat' dir='ltr'>eontra</span> <span class='ocrx_word' id='word_1_5' title='bbox 474 367 653 430; x_wconf 78' lang='lat' dir='ltr'>Macedones</span> <span class='ocrx_word' id='word_1_6' title='bbox 680 368 901 450; x_wconf 89' lang='lat' dir='ltr'>suscipiendum</span> <span class='ocrx_word' id='word_1_7' title='bbox 922 368 1077 442; x_wconf 75' lang='lat' dir='ltr'>excitavit,</span> <span class='ocrx_word' id='word_1_8' title='bbox 1108 377 1256 448; x_wconf 82' lang='lat' dir='ltr'>postremo</span> <span class='ocrx_word' id='word_1_9' title='bbox 1280 368 1312 430; x_wconf 89' lang='lat' dir='ltr'>iu</span> 
     </span>
     <span class='ocr_line' id='line_1_3' title="bbox 136 467 1313 552; baseline 0.006 -25"><span class='ocrx_word' id='word_1_10' title='bbox 136 467 283 529; x_wconf 89' lang='lat' dir='ltr'>insulam</span> <span class='ocrx_word' id='word_1_11' title='bbox 306 469 477 532; x_wconf 82' lang='lat' dir='ltr'>Celauriam</span> <span class='ocrx_word' id='word_1_12' title='bbox 504 471 646 551; x_wconf 82' lang='lat' dir='ltr'>confugit</span> <span class='ocrx_word' id='word_1_13' title='bbox 688 472 791 552; x_wconf 82' lang='lat' dir='ltr'><strong>Atque</strong></span> <span class='ocrx_word' id='word_1_14' title='bbox 817 471 855 532; x_wconf 92' lang='lat' dir='ltr'>de</span> <span class='ocrx_word' id='word_1_15' title='bbox 880 472 985 533; x_wconf 83' lang='lat' dir='ltr'>eedem</span> <span class='ocrx_word' id='word_1_16' title='bbox 1011 491 1103 532; x_wconf 84' lang='lat' dir='ltr'>cause</span> <span class='ocrx_word' id='word_1_17' title='bbox 1128 471 1243 532; x_wconf 75' lang='lat' dir='ltr'>iachim</span> <span class='ocrx_word' id='word_1_18' title='bbox 1270 471 1313 534; x_wconf 89' lang='lat' dir='ltr'>vi·</span> 
     </span>
     <span class='ocr_line' id='line_1_4' title="bbox 138 570 1312 654; baseline 0.005 -24"><span class='ocrx_word' id='word_1_19' title='bbox 138 570 235 632; x_wconf 89' lang='lat' dir='ltr'>detur</span> <span class='ocrx_word' id='word_1_20' title='bbox 251 592 324 646; x_wconf 82' lang='lat' dir='ltr'>ease,</span> <span class='ocrx_word' id='word_1_21' title='bbox 340 581 374 633; x_wconf 94' lang='lat' dir='ltr'>ut</span> <span class='ocrx_word' id='word_1_22' title='bbox 387 574 481 635; x_wconf 90' lang='lat' dir='ltr'>oratio</span> <span class='ocrx_word' id='word_1_23' title='bbox 494 574 705 654; x_wconf 81' lang='lat' dir='ltr'>Ctesiphontes</span> <span class='ocrx_word' id='word_1_24' title='bbox 718 595 779 634; x_wconf 93' lang='lat' dir='ltr'>non</span> <span class='ocrx_word' id='word_1_25' title='bbox 793 574 929 635; x_wconf 89' lang='lat' dir='ltr'>ederetur</span> <span class='ocrx_word' id='word_1_26' title='bbox 942 572 982 634; x_wconf 95' lang='lat' dir='ltr'>eb</span> <span class='ocrx_word' id='word_1_27' title='bbox 996 574 1061 653; x_wconf 89' lang='lat' dir='ltr'>ipso</span> <span class='ocrx_word' id='word_1_28' title='bbox 1071 574 1271 636; x_wconf 73' lang='lat' dir='ltr'>Demosthene</span> <span class='ocrx_word' id='word_1_29' title='bbox 1281 575 1312 653; x_wconf 72' lang='grc'>1)</span> 
     </span>
     <span class='ocr_line' id='line_1_5' title="bbox 138 674 1313 757; baseline 0.002 -23"><span class='ocrx_word' id='word_1_30' title='bbox 138 674 203 736; x_wconf 89' lang='lat' dir='ltr'>Est</span> <span class='ocrx_word' id='word_1_31' title='bbox 225 675 309 736; x_wconf 88' lang='lat' dir='ltr'>enim</span> <span class='ocrx_word' id='word_1_32' title='bbox 323 676 490 749; x_wconf 88' lang='lat' dir='ltr'>verisimile,</span> <span class='ocrx_word' id='word_1_33' title='bbox 512 685 547 737; x_wconf 91' lang='lat' dir='ltr'>ut</span> <span class='ocrx_word' id='word_1_34' title='bbox 565 698 658 737; x_wconf 93' lang='lat' dir='ltr'>unum</span> <span class='ocrx_word' id='word_1_35' title='bbox 679 677 728 738; x_wconf 89' lang='lat' dir='ltr'>hic</span> <span class='ocrx_word' id='word_1_36' title='bbox 741 676 847 749; x_wconf 82' lang='lat' dir='ltr'>dicam,</span> <span class='ocrx_word' id='word_1_37' title='bbox 869 675 1005 735; x_wconf 77' lang='lat' dir='ltr'>futurum</span> <span class='ocrx_word' id='word_1_38' title='bbox 1018 674 1118 750; x_wconf 83' lang='lat' dir='ltr'>fuisse,</span> <span class='ocrx_word' id='word_1_39' title='bbox 1140 685 1181 750; x_wconf 78' lang='lat' dir='ltr'>ut,</span> <span class='ocrx_word' id='word_1_40' title='bbox 1203 677 1229 738; x_wconf 89' lang='lat' dir='ltr'>si</span> <span class='ocrx_word' id='word_1_41' title='bbox 1249 677 1313 757; x_wconf 89' lang='lat' dir='ltr'>ipse</span> 
     </span>
    </p>
   </div>
   <div class='ocr_carea' id='block_1_3' title="bbox 139 777 1405 860">
    <p class='ocr_par' dir='ltr' id='par_1_3' title="bbox 139 777 1405 860">
     <span class='ocr_line' id='line_1_6' title="bbox 139 777 1405 860; baseline 0.006 -24"><span class='ocrx_word' id='word_1_42' title='bbox 139 777 315 838; x_wconf 89' lang='lat' dir='ltr'>orationem</span> <span class='ocrx_word' id='word_1_43' title='bbox 336 778 447 852; x_wconf 81' lang='lat' dir='ltr'>ederet,</span> <span class='ocrx_word' id='word_1_44' title='bbox 475 779 568 840; x_wconf 84' lang='lat' dir='ltr'>verbe</span> <span class='ocrx_word' id='word_1_45' title='bbox 588 779 736 858; x_wconf 86' lang='lat' dir='ltr'>qusedem</span> <span class='ocrx_word' id='word_1_46' title='bbox 757 779 886 850; x_wconf 89' lang='lat' dir='ltr'>tolleret,</span> <span class='ocrx_word' id='word_1_47' title='bbox 915 797 993 856; x_wconf 89' lang='lat' dir='ltr'>quae</span> <span class='ocrx_word' id='word_1_48' title='bbox 1013 797 1094 838; x_wconf 89' lang='lat' dir='ltr'>nunc</span> <span class='ocrx_word' id='word_1_49' title='bbox 1115 779 1214 840; x_wconf 88' lang='lat' dir='ltr'>minus</span> <span class='ocrx_word' id='word_1_50' title='bbox 1240 789 1310 860; x_wconf 82' lang='lat' dir='ltr'>epte</span> <span class='ocrx_word' id='word_1_51' title='bbox 1402 781 1405 790; x_wconf 85' lang='grc'><strong>’</strong></span> 
     </span>
    </p>
   </div>
   <div class='ocr_carea' id='block_1_4' title="bbox 138 879 1311 1474">
    <p class='ocr_par' dir='ltr' id='par_1_4' title="bbox 138 879 1311 1474">
     <span class='ocr_line' id='line_1_7' title="bbox 138 879 1310 960; baseline 0.003 -22"><span class='ocrx_word' id='word_1_52' title='bbox 138 879 263 958; x_wconf 86' lang='lat' dir='ltr'>scripte</span> <span class='ocrx_word' id='word_1_53' title='bbox 284 879 431 958; x_wconf 78' lang='lat' dir='ltr'>legrmtur.</span> <span class='ocrx_word' id='word_1_54' title='bbox 474 881 622 960; x_wconf 84' lang='lat' dir='ltr'>Sequitur,</span> <span class='ocrx_word' id='word_1_55' title='bbox 644 891 680 942; x_wconf 92' lang='lat' dir='ltr'>ut</span> <span class='ocrx_word' id='word_1_56' title='bbox 699 881 793 942; x_wconf 84' lang='lat' dir='ltr'>cretio</span> <span class='ocrx_word' id='word_1_57' title='bbox 804 879 1020 953; x_wconf 89' lang='lat' dir='ltr'>Demosthenis,</span> <span class='ocrx_word' id='word_1_58' title='bbox 1042 879 1074 940; x_wconf 91' lang='lat' dir='ltr'>id</span> <span class='ocrx_word' id='word_1_59' title='bbox 1088 880 1167 960; x_wconf 88' lang='lat' dir='ltr'>quod</span> <span class='ocrx_word' id='word_1_60' title='bbox 1188 881 1310 960; x_wconf 88' lang='lat' dir='ltr'>primus,</span> 
     </span>
     <span class='ocr_line' id='line_1_8' title="bbox 139 982 1311 1062; baseline 0.005 -22"><span class='ocrx_word' id='word_1_61' title='bbox 139 991 299 1062; x_wconf 80' lang='lat' dir='ltr'>quantum</span> <span class='ocrx_word' id='word_1_62' title='bbox 313 1003 367 1061; x_wconf 82' lang='lat' dir='ltr'>ego</span> <span class='ocrx_word' id='word_1_63' title='bbox 388 1003 508 1062; x_wconf 86' lang='lat' dir='ltr'>possum</span> <span class='ocrx_word' id='word_1_64' title='bbox 529 983 668 1056; x_wconf 77' lang='lat' dir='ltr'>iudicare,</span> <span class='ocrx_word' id='word_1_65' title='bbox 689 983 895 1044; x_wconf 85' lang='lat' dir='ltr'>Kirohhoffius</span> <span class='ocrx_word' id='word_1_66' title='bbox 903 985 926 1062; x_wconf 88' lang='lat'>¹)</span> <span class='ocrx_word' id='word_1_67' title='bbox 940 982 1086 1061; x_wconf 80' lang='lat' dir='ltr'>exposuit,</span> <span class='ocrx_word' id='word_1_68' title='bbox 1107 982 1146 1042; x_wconf 91' lang='lat' dir='ltr'>eb</span> <span class='ocrx_word' id='word_1_69' title='bbox 1161 982 1221 1044; x_wconf 86' lang='lat' dir='ltr'>alio</span> <span class='ocrx_word' id='word_1_70' title='bbox 1234 984 1311 1046; x_wconf 69' lang='lat' dir='ltr'>intm</span> 
     </span>
     <span class='ocr_line' id='line_1_9' title="bbox 139 1083 1310 1166; baseline 0.006 -24"><span class='ocrx_word' id='word_1_71' title='bbox 139 1103 192 1143; x_wconf 90' lang='lat' dir='ltr'>res</span> <span class='ocrx_word' id='word_1_72' title='bbox 216 1083 382 1146; x_wconf 90' lang='lat' dir='ltr'>hereditate</span> <span class='ocrx_word' id='word_1_73' title='bbox 403 1085 522 1146; x_wconf 85' lang='lat' dir='ltr'>relictas</span> <span class='ocrx_word' id='word_1_74' title='bbox 544 1086 583 1146; x_wconf 88' lang='lat' dir='ltr'>sit</span> <span class='ocrx_word' id='word_1_75' title='bbox 605 1095 723 1166; x_wconf 87' lang='lat' dir='ltr'>reperte</span> <span class='ocrx_word' id='word_1_76' title='bbox 743 1095 774 1148; x_wconf 89' lang='lat' dir='ltr'>et</span> <span class='ocrx_word' id='word_1_77' title='bbox 794 1087 917 1166; x_wconf 58' lang='lat' dir='ltr'>aditet.</span> <span class='ocrx_word' id='word_1_78' title='bbox 959 1085 991 1146; x_wconf 92' lang='lat' dir='ltr'>Is</span> <span class='ocrx_word' id='word_1_79' title='bbox 1016 1083 1077 1146; x_wconf 82' lang='lat' dir='ltr'>fuit</span> <span class='ocrx_word' id='word_1_80' title='bbox 1103 1085 1230 1146; x_wconf 76' lang='lat' dir='ltr'>fortesse</span> <span class='ocrx_word' id='word_1_81' title='bbox 1250 1086 1310 1149; x_wconf 87' lang='lat' dir='ltr'>De-</span> 
     </span>
     <span class='ocr_line' id='line_1_10' title="bbox 141 1185 1311 1267; baseline 0.005 -23"><span class='ocrx_word' id='word_1_82' title='bbox 141 1185 348 1264; x_wconf 73' lang='lat' dir='ltr'>mochares4).</span> <span class='ocrx_word' id='word_1_83' title='bbox 390 1186 472 1246; x_wconf 88' lang='lat' dir='ltr'>Nem</span> <span class='ocrx_word' id='word_1_84' title='bbox 493 1196 524 1248; x_wconf 88' lang='lat' dir='ltr'>et</span> <span class='ocrx_word' id='word_1_85' title='bbox 544 1189 696 1267; x_wconf 77' lang='lat' dir='ltr'>sanguinis</span> <span class='ocrx_word' id='word_1_86' title='bbox 717 1188 923 1249; x_wconf 87' lang='lat' dir='ltr'>communione</span> <span class='ocrx_word' id='word_1_87' title='bbox 943 1208 1011 1248; x_wconf 89' lang='lat' dir='ltr'>cum</span> <span class='ocrx_word' id='word_1_88' title='bbox 1022 1187 1222 1250; x_wconf 76' lang='lat' dir='ltr'>Demosthene</span> <span class='ocrx_word' id='word_1_89' title='bbox 1242 1209 1311 1250; x_wconf 87' lang='lat' dir='ltr'>oon·</span> 
     </span>
     <span class='ocr_line' id='line_1_11' title="bbox 143 1273 1310 1377; baseline 0.007 -31"><span class='ocrx_word' id='word_1_90' title='bbox 143 1287 273 1377; x_wconf 81' lang='lat' dir='ltr'>iunctus</span> <span class='ocrx_word' id='word_1_91' title='bbox 295 1291 391 1369; x_wconf 80' lang='lat' dir='ltr'>erat⁶)</span> <span class='ocrx_word' id='word_1_92' title='bbox 420 1297 451 1350; x_wconf 89' lang='lat' dir='ltr'>et</span> <span class='ocrx_word' id='word_1_93' title='bbox 477 1289 601 1371; x_wconf 76' lang='lat' dir='ltr'>literis⁶)</span> <span class='ocrx_word' id='word_1_94' title='bbox 631 1273 750 1370; x_wconf 82' lang='lat' dir='ltr'>artique</span> <span class='ocrx_word' id='word_1_95' title='bbox 773 1291 950 1370; x_wconf 67' lang='lat' dir='ltr'>oretorieei)</span> <span class='ocrx_word' id='word_1_96' title='bbox 977 1311 1096 1369; x_wconf 88' lang='lat' dir='ltr'>operem</span> <span class='ocrx_word' id='word_1_97' title='bbox 1125 1290 1220 1353; x_wconf 85' lang='lat' dir='ltr'>dabat</span> <span class='ocrx_word' id='word_1_98' title='bbox 1239 1301 1270 1354; x_wconf 88' lang='lat' dir='ltr'>et</span> <span class='ocrx_word' id='word_1_99' title='bbox 1290 1313 1310 1354; x_wconf 76' lang='lat' dir='ltr'>a</span> 
     </span>
     <span class='ocr_line' id='line_1_12' title="bbox 146 1387 1310 1474; baseline 0.007 -26"><span class='ocrx_word' id='word_1_100' title='bbox 146 1387 355 1450; x_wconf 81' lang='lat' dir='ltr'>Macedonum</span> <span class='ocrx_word' id='word_1_101' title='bbox 376 1391 510 1470; x_wconf 86' lang='lat' dir='ltr'>pertibus</span> <span class='ocrx_word' id='word_1_102' title='bbox 531 1392 725 1454; x_wconf 87' lang='lat' dir='ltr'>dissentiebat</span> <span class='ocrx_word' id='word_1_103' title='bbox 735 1395 758 1472; x_wconf 82' lang='grc'>8)</span> <span class='ocrx_word' id='word_1_104' title='bbox 784 1401 814 1454; x_wconf 91' lang='lat' dir='ltr'>et</span> <span class='ocrx_word' id='word_1_105' title='bbox 840 1393 900 1456; x_wconf 86' lang='lat' dir='ltr'>elio</span> <span class='ocrx_word' id='word_1_106' title='bbox 927 1414 1046 1474; x_wconf 88' lang='lat' dir='ltr'>quoque</span> <span class='ocrx_word' id='word_1_107' title='bbox 1073 1393 1162 1454; x_wconf 88' lang='lat' dir='ltr'>modo</span> <span class='ocrx_word' id='word_1_108' title='bbox 1190 1394 1310 1456; x_wconf 84' lang='lat' dir='ltr'>demon·</span> 
     </span>
    </p>
   </div>
   <div class='ocr_carea' id='block_1_5' title="bbox 145 1709 1308 4236">
    <p class='ocr_par' dir='ltr' id='par_1_5' title="bbox 149 1709 1307 1940">
     <span class='ocr_line' id='line_1_13' title="bbox 149 1709 1307 1785; baseline 0.007 -23"><span class='ocrx_word' id='word_1_109' title='bbox 149 1726 180 1763; x_wconf 91' lang='lat' dir='ltr'>u.</span> <span class='ocrx_word' id='word_1_110' title='bbox 201 1709 268 1778; x_wconf 91' lang='lat' dir='ltr'>phil.</span> <span class='ocrx_word' id='word_1_111' title='bbox 288 1711 375 1777; x_wconf 73' lang='lat' dir='ltr'>Schr,</span> <span class='ocrx_word' id='word_1_112' title='bbox 394 1711 414 1777; x_wconf 91' lang='lat' dir='ltr'>I,</span> <span class='ocrx_word' id='word_1_113' title='bbox 433 1729 461 1780; x_wconf 90' lang='lat' dir='ltr'>p.</span> <span class='ocrx_word' id='word_1_114' title='bbox 471 1715 531 1779; x_wconf 88' lang='grc'><strong>481,</strong></span> <span class='ocrx_word' id='word_1_115' title='bbox 551 1718 579 1767; x_wconf 89' lang='lat' dir='ltr'>et</span> <span class='ocrx_word' id='word_1_116' title='bbox 597 1711 756 1782; x_wconf 84' lang='lat' dir='ltr'>Eysellium,</span> <span class='ocrx_word' id='word_1_117' title='bbox 774 1715 851 1769; x_wconf 90' lang='lat' dir='ltr'>Dem.</span> <span class='ocrx_word' id='word_1_118' title='bbox 870 1732 887 1768; x_wconf 87' lang='lat' dir='ltr'>a</span> <span class='ocrx_word' id='word_1_119' title='bbox 903 1715 1003 1783; x_wconf 84' lang='lat' dir='ltr'>respic.</span> <span class='ocrx_word' id='word_1_120' title='bbox 1021 1719 1154 1783; x_wconf 81' lang='lat' dir='ltr'>acceptae</span> <span class='ocrx_word' id='word_1_121' title='bbox 1171 1716 1207 1769; x_wconf 86' lang='lat' dir='ltr'>ab</span> <span class='ocrx_word' id='word_1_122' title='bbox 1218 1715 1307 1785; x_wconf 85' lang='lat' dir='ltr'>Harp.</span> 
     </span>
     <span class='ocr_line' id='line_1_14' title="bbox 149 1799 1307 1872; baseline 0.006 -23"><span class='ocrx_word' id='word_1_123' title='bbox 149 1799 287 1865; x_wconf 83' lang='lat' dir='ltr'>pecuniae</span> <span class='ocrx_word' id='word_1_124' title='bbox 303 1799 397 1866; x_wconf 75' lang='lat' dir='ltr'>liber,</span> <span class='ocrx_word' id='word_1_125' title='bbox 422 1817 450 1868; x_wconf 91' lang='lat' dir='ltr'>p.</span> <span class='ocrx_word' id='word_1_126' title='bbox 469 1802 504 1854; x_wconf 86' lang='lat'>37</span> <span class='ocrx_word' id='word_1_127' title='bbox 522 1817 545 1854; x_wconf 88' lang='lat' dir='ltr'>e.</span> <span class='ocrx_word' id='word_1_128' title='bbox 565 1818 592 1870; x_wconf 92' lang='lat' dir='ltr'>q.</span> <span class='ocrx_word' id='word_1_129' title='bbox 611 1803 657 1869; x_wconf 82' lang='lat' dir='ltr'>s),</span> <span class='ocrx_word' id='word_1_130' title='bbox 681 1801 814 1855; x_wconf 86' lang='lat' dir='ltr'>derebus</span> <span class='ocrx_word' id='word_1_131' title='bbox 832 1803 945 1872; x_wconf 83' lang='lat' dir='ltr'>publice</span> <span class='ocrx_word' id='word_1_132' title='bbox 968 1802 1054 1872; x_wconf 80' lang='lat' dir='ltr'>gestis</span> <span class='ocrx_word' id='word_1_133' title='bbox 1072 1802 1223 1871; x_wconf 83' lang='lat' dir='ltr'>quidquam</span> <span class='ocrx_word' id='word_1_134' title='bbox 1239 1803 1307 1858; x_wconf 87' lang='lat' dir='ltr'>velit</span> 
     </span>
     <span class='ocr_line' id='line_1_15' title="bbox 149 1886 295 1940; baseline 0.007 -2"><span class='ocrx_word' id='word_1_135' title='bbox 149 1886 295 1940; x_wconf 80' lang='lat' dir='ltr'>scrihere?</span> 
     </span>
    </p>

    <p class='ocr_par' dir='ltr' id='par_1_6' title="bbox 145 1972 1308 4236">
     <span class='ocr_line' id='line_1_16' title="bbox 220 1972 1308 2043; baseline 0.004 -15"><span class='ocrx_word' id='word_1_136' title='bbox 220 1974 245 2040; x_wconf 90' lang='lat'>1)</span> <span class='ocrx_word' id='word_1_137' title='bbox 264 1973 332 2040; x_wconf 80' lang='lat' dir='ltr'>cie,</span> <span class='ocrx_word' id='word_1_138' title='bbox 351 1972 386 2026; x_wconf 91' lang='lat' dir='ltr'>de</span> <span class='ocrx_word' id='word_1_139' title='bbox 406 1989 458 2040; x_wconf 89' lang='lat' dir='ltr'>or.,</span> <span class='ocrx_word' id='word_1_140' title='bbox 478 1974 532 2042; x_wconf 90' lang='lat' dir='ltr'>III,</span> <span class='ocrx_word' id='word_1_141' title='bbox 550 1976 597 2043; x_wconf 83' lang='grc'>56,</span> <span class='ocrx_word' id='word_1_142' title='bbox 616 1977 666 2030; x_wconf 97' lang='grc'><strong>213</strong></span> <span class='ocrx_word' id='word_1_143' title='bbox 685 1976 725 2028; x_wconf 87' lang='lat' dir='ltr'>ite</span> <span class='ocrx_word' id='word_1_144' title='bbox 744 1976 813 2029; x_wconf 88' lang='lat' dir='ltr'>dicit</span> <span class='ocrx_word' id='word_1_145' title='bbox 836 1975 871 2029; x_wconf 89' lang='lat' dir='ltr'>de</span> <span class='ocrx_word' id='word_1_146' title='bbox 888 1976 942 2029; x_wconf 87' lang='lat' dir='ltr'>hac</span> <span class='ocrx_word' id='word_1_147' title='bbox 959 1978 1097 2040; x_wconf 83' lang='lat' dir='ltr'>cretione,</span> <span class='ocrx_word' id='word_1_148' title='bbox 1120 1979 1177 2032; x_wconf 80' lang='lat' dir='ltr'>etsi</span> <span class='ocrx_word' id='word_1_149' title='bbox 1194 1995 1212 2031; x_wconf 84' lang='lat' dir='ltr'>a</span> <span class='ocrx_word' id='word_1_150' title='bbox 1229 1979 1308 2032; x_wconf 89' lang='lat' dir='ltr'>Dem.</span> 
     </span>
     <span class='ocr_line' id='line_1_17' title="bbox 151 2061 1308 2128; baseline 0.004 -14"><span class='ocrx_word' id='word_1_151' title='bbox 151 2061 228 2114; x_wconf 88' lang='lat' dir='ltr'>edite</span> <span class='ocrx_word' id='word_1_152' title='bbox 246 2062 292 2115; x_wconf 91' lang='lat' dir='ltr'>sit.</span> <span class='ocrx_word' id='word_1_153' title='bbox 329 2061 425 2128; x_wconf 89' lang='lat' dir='ltr'>Neque</span> <span class='ocrx_word' id='word_1_154' title='bbox 447 2067 542 2115; x_wconf 89' lang='lat' dir='ltr'>tamen</span> <span class='ocrx_word' id='word_1_155' title='bbox 568 2064 625 2116; x_wconf 88' lang='lat' dir='ltr'>eius</span> <span class='ocrx_word' id='word_1_156' title='bbox 649 2064 811 2116; x_wconf 77' lang='lat' dir='ltr'>auctoritati</span> <span class='ocrx_word' id='word_1_157' title='bbox 834 2065 863 2116; x_wconf 91' lang='lat' dir='ltr'>in</span> <span class='ocrx_word' id='word_1_158' title='bbox 888 2063 941 2117; x_wconf 86' lang='lat' dir='ltr'>hac</span> <span class='ocrx_word' id='word_1_159' title='bbox 963 2081 994 2118; x_wconf 87' lang='lat' dir='ltr'>re</span> <span class='ocrx_word' id='word_1_160' title='bbox 1017 2066 1131 2119; x_wconf 88' lang='lat' dir='ltr'>nimium</span> <span class='ocrx_word' id='word_1_161' title='bbox 1154 2067 1308 2120; x_wconf 80' lang='lat' dir='ltr'>tribuerim</span> 
     </span>
     <span class='ocr_line' id='line_1_18' title="bbox 149 2148 1307 2221; baseline 0.003 -18"><span class='ocrx_word' id='word_1_162' title='bbox 149 2149 222 2204; x_wconf 85' lang='lat' dir='ltr'>Nem</span> <span class='ocrx_word' id='word_1_163' title='bbox 246 2149 361 2202; x_wconf 90' lang='lat' dir='ltr'>dubium</span> <span class='ocrx_word' id='word_1_164' title='bbox 387 2153 442 2214; x_wconf 89' lang='lat' dir='ltr'>est,</span> <span class='ocrx_word' id='word_1_165' title='bbox 469 2167 536 2202; x_wconf 90' lang='lat' dir='ltr'>num</span> <span class='ocrx_word' id='word_1_166' title='bbox 556 2148 667 2216; x_wconf 82' lang='lat' dir='ltr'>Cicero,</span> <span class='ocrx_word' id='word_1_167' title='bbox 695 2167 757 2203; x_wconf 89' lang='lat' dir='ltr'>cum</span> <span class='ocrx_word' id='word_1_168' title='bbox 779 2149 848 2202; x_wconf 89' lang='lat' dir='ltr'>illud</span> <span class='ocrx_word' id='word_1_169' title='bbox 866 2151 997 2218; x_wconf 86' lang='lat' dir='ltr'>verbnm,</span> <span class='ocrx_word' id='word_1_170' title='bbox 1024 2153 1100 2220; x_wconf 90' lang='lat' dir='ltr'>qnod</span> <span class='ocrx_word' id='word_1_171' title='bbox 1123 2159 1166 2206; x_wconf 88' lang='lat' dir='ltr'>est</span> <span class='ocrx_word' id='word_1_172' title='bbox 1187 2153 1307 2221; x_wconf 84' lang='lat' dir='ltr'>„cdits“,</span> 
     </span>
     <span class='ocr_line' id='line_1_19' title="bbox 151 2237 1307 2309; baseline 0.004 -20"><span class='ocrx_word' id='word_1_173' title='bbox 151 2238 300 2302; x_wconf 80' lang='lat' dir='ltr'>scriberet,</span> <span class='ocrx_word' id='word_1_174' title='bbox 324 2241 431 2291; x_wconf 89' lang='lat' dir='ltr'>eertum</span> <span class='ocrx_word' id='word_1_175' title='bbox 449 2237 587 2304; x_wconf 88' lang='lat' dir='ltr'>quendam</span> <span class='ocrx_word' id='word_1_176' title='bbox 609 2243 751 2291; x_wconf 87' lang='lat' dir='ltr'>auctorem</span> <span class='ocrx_word' id='word_1_177' title='bbox 770 2242 880 2292; x_wconf 80' lang='lat' dir='ltr'>secutus</span> <span class='ocrx_word' id='word_1_178' title='bbox 898 2239 942 2292; x_wconf 86' lang='lat' dir='ltr'>sit</span> <span class='ocrx_word' id='word_1_179' title='bbox 977 2239 1074 2308; x_wconf 85' lang='lat' dir='ltr'>Neque</span> <span class='ocrx_word' id='word_1_180' title='bbox 1091 2241 1240 2309; x_wconf 83' lang='lat' dir='ltr'>quidquem</span> <span class='ocrx_word' id='word_1_181' title='bbox 1258 2241 1307 2296; x_wconf 93' lang='lat' dir='ltr'>illo</span> 
     </span>
     <span class='ocr_line' id='line_1_20' title="bbox 152 2324 1308 2397; baseline 0.005 -21"><span class='ocrx_word' id='word_1_182' title='bbox 152 2324 214 2376; x_wconf 87' lang='lat' dir='ltr'>loco</span> <span class='ocrx_word' id='word_1_183' title='bbox 242 2325 351 2379; x_wconf 86' lang='lat' dir='ltr'>videtur</span> <span class='ocrx_word' id='word_1_184' title='bbox 378 2325 497 2377; x_wconf 87' lang='lat' dir='ltr'>voluisse</span> <span class='ocrx_word' id='word_1_185' title='bbox 522 2325 640 2393; x_wconf 82' lang='lat' dir='ltr'>emplius</span> <span class='ocrx_word' id='word_1_186' title='bbox 664 2325 822 2393; x_wconf 85' lang='lat' dir='ltr'>designare,</span> <span class='ocrx_word' id='word_1_187' title='bbox 850 2342 933 2393; x_wconf 86' lang='lat' dir='ltr'>quam</span> <span class='ocrx_word' id='word_1_188' title='bbox 961 2327 985 2380; x_wconf 88' lang='lat' dir='ltr'>si</span> <span class='ocrx_word' id='word_1_189' title='bbox 1009 2328 1172 2397; x_wconf 83' lang='lat' dir='ltr'>simpliciter</span> <span class='ocrx_word' id='word_1_190' title='bbox 1193 2328 1308 2382; x_wconf 75' lang='lat' dir='ltr'>dixisset</span> 
     </span>
     <span class='ocr_line' id='line_1_21' title="bbox 154 2411 1308 2480; baseline 0.005 -16"><span class='ocrx_word' id='word_1_191' title='bbox 154 2411 364 2478; x_wconf 88' lang='lat' dir='ltr'>„Demosthenis</span> <span class='ocrx_word' id='word_1_192' title='bbox 390 2414 479 2466; x_wconf 88' lang='lat' dir='ltr'>oratio</span> <span class='ocrx_word' id='word_1_193' title='bbox 508 2411 730 2480; x_wconf 82' lang='lat' dir='ltr'>Ctesiphontea“.</span> <span class='ocrx_word' id='word_1_194' title='bbox 778 2411 857 2480; x_wconf 75' lang='lat' dir='ltr'>Quod</span> <span class='ocrx_word' id='word_1_195' title='bbox 883 2430 948 2467; x_wconf 88' lang='lat' dir='ltr'>vero</span> <span class='ocrx_word' id='word_1_196' title='bbox 974 2415 1125 2469; x_wconf 79' lang='lat' dir='ltr'>Aeschines</span> <span class='ocrx_word' id='word_1_197' title='bbox 1152 2416 1308 2470; x_wconf 82' lang='lat' dir='ltr'>orationem</span> 
     </span>
     <span class='ocr_line' id='line_1_22' title="bbox 151 2499 1307 2570; baseline 0.004 -19"><span class='ocrx_word' id='word_1_198' title='bbox 151 2499 392 2553; x_wconf 72' lang='lat' dir='ltr'>Demosthenicum</span> <span class='ocrx_word' id='word_1_199' title='bbox 410 2501 438 2553; x_wconf 90' lang='lat' dir='ltr'>in</span> <span class='ocrx_word' id='word_1_200' title='bbox 455 2501 545 2553; x_wconf 87' lang='lat' dir='ltr'>insula</span> <span class='ocrx_word' id='word_1_201' title='bbox 562 2499 662 2553; x_wconf 88' lang='lat' dir='ltr'>Rhodo</span> <span class='ocrx_word' id='word_1_202' title='bbox 686 2500 789 2554; x_wconf 88' lang='lat' dir='ltr'>dicitur</span> <span class='ocrx_word' id='word_1_203' title='bbox 806 2501 900 2554; x_wconf 90' lang='lat' dir='ltr'>multis</span> <span class='ocrx_word' id='word_1_204' title='bbox 918 2502 1096 2556; x_wconf 78' lang='lat' dir='ltr'>audientibus</span> <span class='ocrx_word' id='word_1_205' title='bbox 1114 2503 1252 2570; x_wconf 74' lang='lat' dir='ltr'>recitasse,</span> <span class='ocrx_word' id='word_1_206' title='bbox 1277 2503 1307 2558; x_wconf 93' lang='lat' dir='ltr'>id</span> 
     </span>
     <span class='ocr_line' id='line_1_23' title="bbox 151 2584 1307 2655; baseline 0.005 -17"><span class='ocrx_word' id='word_1_207' title='bbox 151 2584 259 2640; x_wconf 82' lang='lat' dir='ltr'>factum</span> <span class='ocrx_word' id='word_1_208' title='bbox 278 2604 335 2640; x_wconf 88' lang='lat' dir='ltr'>esse</span> <span class='ocrx_word' id='word_1_209' title='bbox 352 2588 507 2655; x_wconf 88' lang='lat' dir='ltr'>putaverim</span> <span class='ocrx_word' id='word_1_210' title='bbox 530 2591 596 2654; x_wconf 87' lang='lat' dir='ltr'>post</span> <span class='ocrx_word' id='word_1_211' title='bbox 618 2593 737 2641; x_wconf 87' lang='lat' dir='ltr'>mortem</span> <span class='ocrx_word' id='word_1_212' title='bbox 754 2588 956 2642; x_wconf 82' lang='lat' dir='ltr'>Demosthenis¹</span> <span class='ocrx_word' id='word_1_213' title='bbox 991 2589 1063 2644; x_wconf 82' lang='lat' dir='ltr'>Nam</span> <span class='ocrx_word' id='word_1_214' title='bbox 1081 2589 1232 2644; x_wconf 82' lang='lat' dir='ltr'>Aeschines</span> <span class='ocrx_word' id='word_1_215' title='bbox 1250 2608 1307 2644; x_wconf 90' lang='lat' dir='ltr'>non</span> 
     </span>
     <span class='ocr_line' id='line_1_24' title="bbox 149 2662 1306 2744; baseline 0.003 -18"><span class='ocrx_word' id='word_1_216' title='bbox 149 2662 241 2741; x_wconf 84' lang='lat' dir='ltr'>prius,</span> <span class='ocrx_word' id='word_1_217' title='bbox 268 2691 350 2742; x_wconf 87' lang='lat' dir='ltr'>quam</span> <span class='ocrx_word' id='word_1_218' title='bbox 367 2674 527 2729; x_wconf 83' lang='lat' dir='ltr'>Alexander</span> <span class='ocrx_word' id='word_1_219' title='bbox 550 2679 677 2728; x_wconf 87' lang='lat' dir='ltr'>mortuus</span> <span class='ocrx_word' id='word_1_220' title='bbox 697 2680 753 2736; x_wconf 88' lang='lat' dir='ltr'>est,</span> <span class='ocrx_word' id='word_1_221' title='bbox 775 2675 905 2729; x_wconf 87' lang='lat' dir='ltr'>Rhodum</span> <span class='ocrx_word' id='word_1_222' title='bbox 924 2693 953 2729; x_wconf 92' lang='lat' dir='ltr'>se</span> <span class='ocrx_word' id='word_1_223' title='bbox 970 2677 1102 2744; x_wconf 85' lang='lat' dir='ltr'>eontulit,</span> <span class='ocrx_word' id='word_1_224' title='bbox 1124 2678 1195 2730; x_wconf 86' lang='lat' dir='ltr'>vixit</span> <span class='ocrx_word' id='word_1_225' title='bbox 1213 2681 1306 2730; x_wconf 87' lang='lat' dir='ltr'>autem</span> 
     </span>
     <span class='ocr_line' id='line_1_25' title="bbox 147 2761 1304 2834; baseline 0.003 -19"><span class='ocrx_word' id='word_1_226' title='bbox 147 2762 259 2815; x_wconf 84' lang='lat' dir='ltr'>circiter</span> <span class='ocrx_word' id='word_1_227' title='bbox 269 2778 354 2828; x_wconf 89' lang='lat' dir='ltr'>usque</span> <span class='ocrx_word' id='word_1_228' title='bbox 365 2762 400 2815; x_wconf 88' lang='lat' dir='ltr'>sd</span> <span class='ocrx_word' id='word_1_229' title='bbox 410 2780 512 2816; x_wconf 84' lang='lat' dir='ltr'>annum</span> <span class='ocrx_word' id='word_1_230' title='bbox 522 2780 546 2816; x_wconf 86' lang='lat' dir='ltr'>e.</span> <span class='ocrx_word' id='word_1_231' title='bbox 560 2761 623 2815; x_wconf 84' lang='lat' dir='ltr'>chr.</span> <span class='ocrx_word' id='word_1_232' title='bbox 634 2764 693 2815; x_wconf 87' lang='grc'><strong>314.</strong></span> <span class='ocrx_word' id='word_1_233' title='bbox 721 2762 762 2816; x_wconf 82' lang='lat' dir='ltr'>Os.</span> <span class='ocrx_word' id='word_1_234' title='bbox 776 2762 940 2830; x_wconf 86' lang='lat' dir='ltr'>Clintonem,</span> <span class='ocrx_word' id='word_1_235' title='bbox 950 2763 1014 2818; x_wconf 87' lang='lat' dir='ltr'>fast.</span> <span class='ocrx_word' id='word_1_236' title='bbox 1024 2764 1100 2831; x_wconf 84' lang='lat' dir='ltr'>hell,</span> <span class='ocrx_word' id='word_1_237' title='bbox 1110 2765 1154 2819; x_wconf 89' lang='lat' dir='ltr'>ed.</span> <span class='ocrx_word' id='word_1_238' title='bbox 1168 2763 1217 2818; x_wconf 87' lang='lat' dir='ltr'>Kr.</span> <span class='ocrx_word' id='word_1_239' title='bbox 1227 2767 1304 2834; x_wconf 84' lang='grc'><strong>1830,</strong></span> 
     </span>
     <span class='ocr_line' id='line_1_26' title="bbox 150 2849 1304 2920; baseline 0.005 -19"><span class='ocrx_word' id='word_1_240' title='bbox 150 2867 177 2917; x_wconf 95' lang='lat' dir='ltr'>p.</span> <span class='ocrx_word' id='word_1_241' title='bbox 197 2851 256 2916; x_wconf 91' lang='grc'><strong>183,</strong></span> <span class='ocrx_word' id='word_1_242' title='bbox 276 2849 469 2914; x_wconf 87' lang='lat' dir='ltr'>Stechowium,</span> <span class='ocrx_word' id='word_1_243' title='bbox 490 2849 524 2903; x_wconf 91' lang='lat' dir='ltr'>de</span> <span class='ocrx_word' id='word_1_244' title='bbox 542 2850 600 2902; x_wconf 85' lang='lat' dir='ltr'>vite</span> <span class='ocrx_word' id='word_1_245' title='bbox 619 2849 718 2903; x_wconf 87' lang='lat' dir='ltr'>Aesch.</span> <span class='ocrx_word' id='word_1_246' title='bbox 736 2866 786 2916; x_wconf 91' lang='lat' dir='ltr'>or.,</span> <span class='ocrx_word' id='word_1_247' title='bbox 808 2869 837 2920; x_wconf 88' lang='lat' dir='ltr'>p.</span> <span class='ocrx_word' id='word_1_248' title='bbox 856 2852 898 2916; x_wconf 84' lang='lat'>16,</span> <span class='ocrx_word' id='word_1_249' title='bbox 921 2851 1059 2917; x_wconf 80' lang='lat' dir='ltr'>Peterem,</span> <span class='ocrx_word' id='word_1_250' title='bbox 1078 2853 1191 2908; x_wconf 84' lang='lat' dir='ltr'>Zeittef.</span> <span class='ocrx_word' id='word_1_251' title='bbox 1211 2853 1239 2908; x_wconf 90' lang='lat' dir='ltr'>d.</span> <span class='ocrx_word' id='word_1_252' title='bbox 1258 2852 1304 2907; x_wconf 83' lang='lat' dir='ltr'>Gr.</span> 
     </span>
     <span class='ocr_line' id='line_1_27' title="bbox 153 2937 1304 3010; baseline 0.005 -20"><span class='ocrx_word' id='word_1_253' title='bbox 153 2937 274 3005; x_wconf 81' lang='lat' dir='ltr'>Geseh.⁴,</span> <span class='ocrx_word' id='word_1_254' title='bbox 298 2955 327 3006; x_wconf 92' lang='lat' dir='ltr'>p.</span> <span class='ocrx_word' id='word_1_255' title='bbox 348 2939 408 2992; x_wconf 84' lang='lat'>109.</span> <span class='ocrx_word' id='word_1_256' title='bbox 480 2939 508 3005; x_wconf 88' lang='grc'>2)</span> <span class='ocrx_word' id='word_1_257' title='bbox 526 2938 556 2991; x_wconf 89' lang='lat' dir='ltr'>P.</span> <span class='ocrx_word' id='word_1_258' title='bbox 575 2939 609 2991; x_wconf 82' lang='grc'>86</span> <span class='ocrx_word' id='word_1_259' title='bbox 628 2942 656 2990; x_wconf 92' lang='lat' dir='ltr'>et</span> <span class='ocrx_word' id='word_1_260' title='bbox 674 2939 716 2991; x_wconf 89' lang='grc'>86.</span> <span class='ocrx_word' id='word_1_261' title='bbox 751 2938 846 2991; x_wconf 87' lang='lat' dir='ltr'>Etiam</span> <span class='ocrx_word' id='word_1_262' title='bbox 870 2939 990 2993; x_wconf 82' lang='lat' dir='ltr'>Blessius</span> <span class='ocrx_word' id='word_1_263' title='bbox 1012 2940 1100 3009; x_wconf 80' lang='lat' dir='ltr'>(Dens.</span> <span class='ocrx_word' id='word_1_264' title='bbox 1121 2957 1174 3006; x_wconf 72' lang='lat' dir='ltr'>oe,</span> <span class='ocrx_word' id='word_1_265' title='bbox 1197 2942 1251 2996; x_wconf 87' lang='lat' dir='ltr'>vol.</span> <span class='ocrx_word' id='word_1_266' title='bbox 1270 2941 1304 3010; x_wconf 82' lang='lat'>1⁴,</span> 
     </span>
     <span class='ocr_line' id='line_1_28' title="bbox 151 3025 1305 3096; baseline 0.006 -19"><span class='ocrx_word' id='word_1_267' title='bbox 151 3042 178 3093; x_wconf 92' lang='lat' dir='ltr'>p.</span> <span class='ocrx_word' id='word_1_268' title='bbox 207 3025 291 3094; x_wconf 86' lang='lat' dir='ltr'>XXV)</span> <span class='ocrx_word' id='word_1_269' title='bbox 322 3026 433 3094; x_wconf 86' lang='lat' dir='ltr'>putavit</span> <span class='ocrx_word' id='word_1_270' title='bbox 461 3025 545 3079; x_wconf 83' lang='lat' dir='ltr'>fuisse</span> <span class='ocrx_word' id='word_1_271' title='bbox 577 3025 788 3092; x_wconf 88' lang='lat' dir='ltr'>„Demosthenis</span> <span class='ocrx_word' id='word_1_272' title='bbox 818 3028 924 3095; x_wconf 86' lang='lat' dir='ltr'>scripta</span> <span class='ocrx_word' id='word_1_273' title='bbox 954 3027 1090 3096; x_wconf 85' lang='lat' dir='ltr'>quaedam</span> <span class='ocrx_word' id='word_1_274' title='bbox 1120 3029 1244 3083; x_wconf 84' lang='lat' dir='ltr'>inedits“</span> <span class='ocrx_word' id='word_1_275' title='bbox 1276 3033 1305 3084; x_wconf 85' lang='lat' dir='ltr'>et</span> 
     </span>
     <span class='ocr_line' id='line_1_29' title="bbox 149 3113 1304 3186; baseline 0.005 -21"><span class='ocrx_word' id='word_1_276' title='bbox 149 3113 288 3166; x_wconf 90' lang='lat' dir='ltr'>hominem</span> <span class='ocrx_word' id='word_1_277' title='bbox 326 3113 464 3182; x_wconf 87' lang='lat' dir='ltr'>quendem</span> <span class='ocrx_word' id='word_1_278' title='bbox 500 3131 578 3166; x_wconf 90' lang='lat' dir='ltr'>usum</span> <span class='ocrx_word' id='word_1_279' title='bbox 621 3129 680 3166; x_wconf 89' lang='lat' dir='ltr'>esse</span> <span class='ocrx_word' id='word_1_280' title='bbox 716 3114 910 3168; x_wconf 86' lang='lat' dir='ltr'>Demosthenis</span> <span class='ocrx_word' id='word_1_281' title='bbox 946 3118 1170 3182; x_wconf 85' lang='lat' dir='ltr'>„commenteriis</span> <span class='ocrx_word' id='word_1_282' title='bbox 1210 3117 1304 3186; x_wconf 89' lang='lat' dir='ltr'>ipsis“.</span> 
     </span>
     <span class='ocr_line' id='line_1_30' title="bbox 149 3201 1304 3273; baseline 0.003 -20"><span class='ocrx_word' id='word_1_283' title='bbox 149 3201 177 3266; x_wconf 81' lang='grc'>6)</span> <span class='ocrx_word' id='word_1_284' title='bbox 196 3201 228 3253; x_wconf 89' lang='lat' dir='ltr'>ld</span> <span class='ocrx_word' id='word_1_285' title='bbox 253 3207 345 3254; x_wconf 84' lang='lat' dir='ltr'>eutem</span> <span class='ocrx_word' id='word_1_286' title='bbox 370 3201 482 3254; x_wconf 88' lang='lat' dir='ltr'>videtur</span> <span class='ocrx_word' id='word_1_287' title='bbox 506 3219 561 3254; x_wconf 94' lang='lat' dir='ltr'>non</span> <span class='ocrx_word' id='word_1_288' title='bbox 587 3218 645 3254; x_wconf 86' lang='lat' dir='ltr'>esse</span> <span class='ocrx_word' id='word_1_289' title='bbox 670 3201 877 3256; x_wconf 86' lang='lat' dir='ltr'>eoncedendum</span> <span class='ocrx_word' id='word_1_290' title='bbox 894 3202 1069 3256; x_wconf 82' lang='lat' dir='ltr'>Kirchhoffio</span> <span class='ocrx_word' id='word_1_291' title='bbox 1094 3203 1132 3273; x_wconf 90' lang='lat' dir='ltr'>(p.</span> <span class='ocrx_word' id='word_1_292' title='bbox 1151 3205 1186 3258; x_wconf 84' lang='lat'>86</span> <span class='ocrx_word' id='word_1_293' title='bbox 1205 3208 1233 3258; x_wconf 90' lang='lat' dir='ltr'>et</span> <span class='ocrx_word' id='word_1_294' title='bbox 1250 3206 1304 3272; x_wconf 87' lang='grc'>87),</span> 
     </span>
     <span class='ocr_line' id='line_1_31' title="bbox 150 3287 1304 3356; baseline 0.003 -16"><span class='ocrx_word' id='word_1_295' title='bbox 150 3288 266 3342; x_wconf 89' lang='lat' dir='ltr'>eundem</span> <span class='ocrx_word' id='word_1_296' title='bbox 284 3290 425 3343; x_wconf 90' lang='lat' dir='ltr'>hominem</span> <span class='ocrx_word' id='word_1_297' title='bbox 443 3287 578 3356; x_wconf 84' lang='lat' dir='ltr'>quaedam</span> <span class='ocrx_word' id='word_1_298' title='bbox 598 3288 633 3342; x_wconf 90' lang='lat' dir='ltr'>de</span> <span class='ocrx_word' id='word_1_299' title='bbox 650 3306 700 3341; x_wconf 90' lang='lat' dir='ltr'>suo</span> <span class='ocrx_word' id='word_1_300' title='bbox 720 3289 860 3343; x_wconf 77' lang='lat' dir='ltr'>addidisse</span> <span class='ocrx_word' id='word_1_301' title='bbox 885 3291 920 3344; x_wconf 84' lang='lat' dir='ltr'>ad</span> <span class='ocrx_word' id='word_1_302' title='bbox 939 3291 1133 3345; x_wconf 88' lang='lat' dir='ltr'>Demosthenis</span> <span class='ocrx_word' id='word_1_303' title='bbox 1151 3292 1237 3345; x_wconf 87' lang='lat' dir='ltr'>verbe</span> <span class='ocrx_word' id='word_1_304' title='bbox 1255 3296 1304 3344; x_wconf 87' lang='lat' dir='ltr'>snt</span> 
     </span>
     <span class='ocr_line' id='line_1_32' title="bbox 151 3376 1304 3447; baseline 0.003 -19"><span class='ocrx_word' id='word_1_305' title='bbox 151 3377 202 3429; x_wconf 86' lang='lat' dir='ltr'>elio</span> <span class='ocrx_word' id='word_1_306' title='bbox 230 3376 312 3430; x_wconf 90' lang='lat' dir='ltr'>modo</span> <span class='ocrx_word' id='word_1_307' title='bbox 342 3378 475 3444; x_wconf 88' lang='lat' dir='ltr'>scriptum</span> <span class='ocrx_word' id='word_1_308' title='bbox 504 3377 561 3429; x_wconf 87' lang='lat' dir='ltr'>eius</span> <span class='ocrx_word' id='word_1_309' title='bbox 583 3377 716 3430; x_wconf 88' lang='lat' dir='ltr'>orationis</span> <span class='ocrx_word' id='word_1_310' title='bbox 741 3379 897 3446; x_wconf 85' lang='lat' dir='ltr'>exemplum</span> <span class='ocrx_word' id='word_1_311' title='bbox 924 3379 1092 3432; x_wconf 86' lang='lat' dir='ltr'>immutasse.</span> <span class='ocrx_word' id='word_1_312' title='bbox 1132 3377 1304 3447; x_wconf 78' lang='lat' dir='ltr'>Quemquam</span> 
     </span>
     <span class='ocr_line' id='line_1_33' title="bbox 151 3462 1303 3537; baseline 0.004 -21"><span class='ocrx_word' id='word_1_313' title='bbox 151 3462 346 3517; x_wconf 86' lang='lat' dir='ltr'>Nadrowskius</span> <span class='ocrx_word' id='word_1_314' title='bbox 360 3481 478 3532; x_wconf 89' lang='lat' dir='ltr'>quoque,</span> <span class='ocrx_word' id='word_1_315' title='bbox 497 3463 700 3517; x_wconf 87' lang='lat' dir='ltr'>Xirchhosfium</span> <span class='ocrx_word' id='word_1_316' title='bbox 713 3469 830 3532; x_wconf 87' lang='lat' dir='ltr'>secutus,</span> <span class='ocrx_word' id='word_1_317' title='bbox 850 3465 885 3518; x_wconf 89' lang='lat' dir='ltr'>de</span> <span class='ocrx_word' id='word_1_318' title='bbox 898 3465 930 3537; x_wconf 58' lang='grc' dir='ltr'>ἐξ</span> <span class='ocrx_word' id='word_1_319' title='bbox 942 3467 1119 3534; x_wconf 86' lang='lat' dir='ltr'>interpolatis</span> <span class='ocrx_word' id='word_1_320' title='bbox 1137 3467 1224 3520; x_wconf 87' lang='lat' dir='ltr'>verba</span> <span class='ocrx_word' id='word_1_321' title='bbox 1236 3466 1303 3521; x_wconf 78' lang='lat' dir='ltr'>tecit</span> 
     </span>
     <span class='ocr_line' id='line_1_34' title="bbox 148 3551 1303 3622; baseline 0.003 -18"><span class='ocrx_word' id='word_1_322' title='bbox 148 3551 183 3618; x_wconf 85' lang='lat' dir='ltr'>(p.</span> <span class='ocrx_word' id='word_1_323' title='bbox 202 3553 219 3604; x_wconf 83' lang='lat'>4</span> <span class='ocrx_word' id='word_1_324' title='bbox 237 3569 260 3605; x_wconf 90' lang='lat' dir='ltr'>e.</span> <span class='ocrx_word' id='word_1_325' title='bbox 280 3569 306 3619; x_wconf 90' lang='lat' dir='ltr'>q.</span> <span class='ocrx_word' id='word_1_326' title='bbox 325 3555 366 3618; x_wconf 78' lang='lat' dir='ltr'>s).</span> <span class='ocrx_word' id='word_1_327' title='bbox 419 3552 448 3618; x_wconf 88' lang='grc'>4)</span> <span class='ocrx_word' id='word_1_328' title='bbox 468 3551 508 3604; x_wconf 85' lang='lat' dir='ltr'>cf.</span> <span class='ocrx_word' id='word_1_329' title='bbox 524 3552 670 3618; x_wconf 87' lang='lat' dir='ltr'>Blassium,</span> <span class='ocrx_word' id='word_1_330' title='bbox 689 3552 737 3611; x_wconf 88' lang='grc' dir='ltr'>ΠΙ,</span> <span class='ocrx_word' id='word_1_331' title='bbox 757 3556 780 3619; x_wconf 96' lang='grc'><strong>1,</strong></span> <span class='ocrx_word' id='word_1_332' title='bbox 798 3555 839 3607; x_wconf 87' lang='lat'>63.</span> <span class='ocrx_word' id='word_1_333' title='bbox 901 3555 928 3622; x_wconf 80' lang='grc' dir='ltr'>ὅ)</span> <span class='ocrx_word' id='word_1_334' title='bbox 947 3555 979 3606; x_wconf 92' lang='lat' dir='ltr'>A.</span> <span class='ocrx_word' id='word_1_335' title='bbox 999 3553 1139 3619; x_wconf 83' lang='lat' dir='ltr'>Sohaefer,</span> <span class='ocrx_word' id='word_1_336' title='bbox 1157 3554 1205 3618; x_wconf 88' lang='grc' dir='ltr'>ΙΠ,</span> <span class='ocrx_word' id='word_1_337' title='bbox 1224 3557 1249 3622; x_wconf 88' lang='grc'>2,</span> <span class='ocrx_word' id='word_1_338' title='bbox 1268 3556 1303 3608; x_wconf 84' lang='grc'>56</span> 
     </span>
     <span class='ocr_line' id='line_1_35' title="bbox 148 3639 1302 3710; baseline 0.003 -19"><span class='ocrx_word' id='word_1_339' title='bbox 148 3655 170 3691; x_wconf 89' lang='lat' dir='ltr'>e.</span> <span class='ocrx_word' id='word_1_340' title='bbox 183 3656 209 3707; x_wconf 92' lang='lat' dir='ltr'>q.</span> <span class='ocrx_word' id='word_1_341' title='bbox 223 3657 244 3692; x_wconf 89' lang='lat' dir='ltr'>s.</span> <span class='ocrx_word' id='word_1_342' title='bbox 315 3641 343 3703; x_wconf 91' lang='grc'>6)</span> <span class='ocrx_word' id='word_1_343' title='bbox 361 3639 440 3704; x_wconf 88' lang='lat' dir='ltr'>Plut,</span> <span class='ocrx_word' id='word_1_344' title='bbox 459 3639 545 3704; x_wconf 76' lang='lat' dir='ltr'>Dem,</span> <span class='ocrx_word' id='word_1_345' title='bbox 564 3642 606 3694; x_wconf 87' lang='lat'>30.</span> <span class='ocrx_word' id='word_1_346' title='bbox 676 3641 702 3706; x_wconf 80' lang='grc'>7)</span> <span class='ocrx_word' id='word_1_347' title='bbox 722 3640 791 3702; x_wconf 80' lang='lat' dir='ltr'>Cio,</span> <span class='ocrx_word' id='word_1_348' title='bbox 814 3642 901 3707; x_wconf 85' lang='lat' dir='ltr'>Brut,</span> <span class='ocrx_word' id='word_1_349' title='bbox 920 3658 943 3694; x_wconf 89' lang='lat' dir='ltr'>e.</span> <span class='ocrx_word' id='word_1_350' title='bbox 961 3643 1008 3706; x_wconf 88' lang='grc'>83,</span> <span class='ocrx_word' id='word_1_351' title='bbox 1027 3645 1056 3694; x_wconf 88' lang='lat' dir='ltr'>et</span> <span class='ocrx_word' id='word_1_352' title='bbox 1075 3641 1109 3694; x_wconf 89' lang='lat' dir='ltr'>ds</span> <span class='ocrx_word' id='word_1_353' title='bbox 1126 3657 1182 3708; x_wconf 87' lang='lat' dir='ltr'>or.,</span> <span class='ocrx_word' id='word_1_354' title='bbox 1199 3642 1241 3707; x_wconf 89' lang='lat'>11,</span> <span class='ocrx_word' id='word_1_355' title='bbox 1259 3644 1302 3710; x_wconf 89' lang='grc'>23,</span> 
     </span>
     <span class='ocr_line' id='line_1_36' title="bbox 146 3727 1301 3799; baseline 0.003 -19"><span class='ocrx_word' id='word_1_356' title='bbox 146 3728 188 3780; x_wconf 84' lang='grc'>95.</span> <span class='ocrx_word' id='word_1_357' title='bbox 224 3727 306 3780; x_wconf 90' lang='lat' dir='ltr'>Vitae</span> <span class='ocrx_word' id='word_1_358' title='bbox 325 3727 350 3779; x_wconf 88' lang='lat' dir='ltr'>X</span> <span class='ocrx_word' id='word_1_359' title='bbox 368 3745 416 3793; x_wconf 90' lang='lat' dir='ltr'>or.,</span> <span class='ocrx_word' id='word_1_360' title='bbox 435 3727 494 3794; x_wconf 85' lang='grc'><strong>841,</strong></span> <span class='ocrx_word' id='word_1_361' title='bbox 514 3727 534 3780; x_wconf 83' lang='lat' dir='ltr'>C</span> <span class='ocrx_word' id='word_1_362' title='bbox 553 3727 647 3794; x_wconf 82' lang='lat' dir='ltr'>(Plut,</span> <span class='ocrx_word' id='word_1_363' title='bbox 666 3744 749 3792; x_wconf 71' lang='lat' dir='ltr'>mon,</span> <span class='ocrx_word' id='word_1_364' title='bbox 773 3728 819 3792; x_wconf 88' lang='lat' dir='ltr'>IV,</span> <span class='ocrx_word' id='word_1_365' title='bbox 845 3731 873 3794; x_wconf 89' lang='lat'>1,</span> <span class='ocrx_word' id='word_1_366' title='bbox 892 3745 921 3795; x_wconf 89' lang='lat' dir='ltr'>p.</span> <span class='ocrx_word' id='word_1_367' title='bbox 939 3729 990 3780; x_wconf 91' lang='grc'>398</span> <span class='ocrx_word' id='word_1_368' title='bbox 1008 3727 1097 3796; x_wconf 87' lang='lat' dir='ltr'>Wytt.</span> <span class='ocrx_word' id='word_1_369' title='bbox 1115 3729 1160 3782; x_wconf 83' lang='lat' dir='ltr'>vel</span> <span class='ocrx_word' id='word_1_370' title='bbox 1178 3746 1204 3799; x_wconf 90' lang='lat' dir='ltr'>p.</span> <span class='ocrx_word' id='word_1_371' title='bbox 1225 3732 1301 3798; x_wconf 85' lang='grc'><strong>1032,</strong></span> 
     </span>
     <span class='ocr_line' id='line_1_37' title="bbox 145 3811 1300 3886; baseline -0.001 -18"><span class='ocrx_word' id='word_1_372' title='bbox 145 3832 184 3868; x_wconf 81' lang='lat' dir='ltr'>vs.</span> <span class='ocrx_word' id='word_1_373' title='bbox 210 3817 313 3868; x_wconf 85' lang='lat'><strong>30-32</strong></span> <span class='ocrx_word' id='word_1_374' title='bbox 340 3815 382 3867; x_wconf 89' lang='lat' dir='ltr'>ed.</span> <span class='ocrx_word' id='word_1_375' title='bbox 407 3814 480 3883; x_wconf 86' lang='lat' dir='ltr'>Did.)</span> <span class='ocrx_word' id='word_1_376' title='bbox 505 3811 574 3865; x_wconf 76' lang='grc' dir='ltr'>κατὰ</span> <span class='ocrx_word' id='word_1_377' title='bbox 596 3811 657 3872; x_wconf 83' lang='grc' dir='ltr'><em>τοὺς</em></span> <span class='ocrx_word' id='word_1_378' title='bbox 684 3811 838 3872; x_wconf 76' lang='grc' dir='ltr'><strong><em>πολιτικοὺς</em></strong></span> <span class='ocrx_word' id='word_1_379' title='bbox 859 3811 956 3884; x_wconf 76' lang='grc' dir='ltr'><em>λόγους</em></span> <span class='ocrx_word' id='word_1_380' title='bbox 979 3812 1091 3873; x_wconf 74' lang='grc' dir='ltr'><strong><em>οὐδενὸς</em></strong></span> <span class='ocrx_word' id='word_1_381' title='bbox 1111 3819 1217 3886; x_wconf 76' lang='grc' dir='ltr'><strong><em>χείρων.</em></strong></span> <span class='ocrx_word' id='word_1_382' title='bbox 1260 3817 1300 3872; x_wconf 83' lang='lat' dir='ltr'>cf.</span> 
     </span>
     <span class='ocr_line' id='line_1_38' title="bbox 146 3902 1301 3974; baseline 0.003 -17"><span class='ocrx_word' id='word_1_383' title='bbox 146 3904 291 3967; x_wconf 87' lang='lat' dir='ltr'>Blessium,</span> <span class='ocrx_word' id='word_1_384' title='bbox 309 3903 356 3970; x_wconf 91' lang='lat' dir='ltr'>III,</span> <span class='ocrx_word' id='word_1_385' title='bbox 375 3905 399 3969; x_wconf 85' lang='lat'>2,</span> <span class='ocrx_word' id='word_1_386' title='bbox 418 3904 470 3956; x_wconf 88' lang='grc'>304</span> <span class='ocrx_word' id='word_1_387' title='bbox 487 3919 510 3956; x_wconf 88' lang='lat' dir='ltr'>e.</span> <span class='ocrx_word' id='word_1_388' title='bbox 530 3920 555 3970; x_wconf 92' lang='lat' dir='ltr'>q.</span> <span class='ocrx_word' id='word_1_389' title='bbox 574 3920 594 3955; x_wconf 90' lang='lat' dir='ltr'>s.</span> <span class='ocrx_word' id='word_1_390' title='bbox 640 3902 687 3968; x_wconf 65' lang='lat'>58)</span> <span class='ocrx_word' id='word_1_391' title='bbox 705 3902 808 3970; x_wconf 83' lang='lat' dir='ltr'>Polyb,</span> <span class='ocrx_word' id='word_1_392' title='bbox 831 3903 891 3968; x_wconf 94' lang='lat' dir='ltr'>XII,</span> <span class='ocrx_word' id='word_1_393' title='bbox 917 3919 941 3955; x_wconf 85' lang='lat' dir='ltr'>o.</span> <span class='ocrx_word' id='word_1_394' title='bbox 960 3906 993 3955; x_wconf 91' lang='grc'>13</span> <span class='ocrx_word' id='word_1_395' title='bbox 1010 3902 1137 3958; x_wconf 87' lang='lat' dir='ltr'>Hultsoh.</span> <span class='ocrx_word' id='word_1_396' title='bbox 1172 3906 1301 3974; x_wconf 82' lang='lat' dir='ltr'>Blassius,</span> 
     </span>
     <span class='ocr_line' id='line_1_39' title="bbox 146 3989 1302 4058; baseline 0.004 -15"><span class='ocrx_word' id='word_1_397' title='bbox 146 3991 197 4057; x_wconf 93' lang='grc'><strong>111,</strong></span> <span class='ocrx_word' id='word_1_398' title='bbox 227 3993 317 4058; x_wconf 86' lang='lat'>1,1·2,</span> <span class='ocrx_word' id='word_1_399' title='bbox 345 3990 495 4058; x_wconf 84' lang='lat' dir='ltr'>appellavit</span> <span class='ocrx_word' id='word_1_400' title='bbox 518 4008 580 4044; x_wconf 88' lang='lat' dir='ltr'>eum</span> <span class='ocrx_word' id='word_1_401' title='bbox 603 3989 807 4058; x_wconf 82' lang='lat' dir='ltr'>„Naehfolger“</span> <span class='ocrx_word' id='word_1_402' title='bbox 825 3989 1027 4044; x_wconf 88' lang='lat' dir='ltr'>Demosthenis.</span> <span class='ocrx_word' id='word_1_403' title='bbox 1064 3990 1103 4046; x_wconf 81' lang='lat' dir='ltr'>cf.</span> <span class='ocrx_word' id='word_1_404' title='bbox 1121 3991 1191 4046; x_wconf 81' lang='lat' dir='ltr'>haee</span> <span class='ocrx_word' id='word_1_405' title='bbox 1214 3994 1302 4048; x_wconf 83' lang='lat' dir='ltr'>verbs</span> 
     </span>
     <span class='ocr_line' id='line_1_40' title="bbox 145 4077 1301 4148; baseline 0.002 -16"><span class='ocrx_word' id='word_1_406' title='bbox 145 4077 266 4146; x_wconf 88' lang='lat' dir='ltr'>Sauppei</span> <span class='ocrx_word' id='word_1_407' title='bbox 290 4078 448 4148; x_wconf 87' lang='lat' dir='ltr'>(Verbandl.</span> <span class='ocrx_word' id='word_1_408' title='bbox 473 4077 500 4131; x_wconf 90' lang='lat' dir='ltr'>d.</span> <span class='ocrx_word' id='word_1_409' title='bbox 524 4081 548 4131; x_wconf 85' lang='lat'>7.</span> <span class='ocrx_word' id='word_1_410' title='bbox 571 4077 648 4131; x_wconf 82' lang='lat' dir='ltr'>Vero.</span> <span class='ocrx_word' id='word_1_411' title='bbox 668 4077 792 4131; x_wconf 89' lang='lat' dir='ltr'>deutsch.</span> <span class='ocrx_word' id='word_1_412' title='bbox 814 4077 911 4131; x_wconf 85' lang='lat' dir='ltr'>Philol.</span> <span class='ocrx_word' id='word_1_413' title='bbox 932 4079 1009 4145; x_wconf 90' lang='grc'><strong>1844,</strong></span> <span class='ocrx_word' id='word_1_414' title='bbox 1028 4095 1056 4145; x_wconf 89' lang='lat' dir='ltr'>p.</span> <span class='ocrx_word' id='word_1_415' title='bbox 1076 4079 1150 4148; x_wconf 83' lang='lat'><strong>129):</strong></span> <span class='ocrx_word' id='word_1_416' title='bbox 1170 4079 1252 4148; x_wconf 80' lang='lat' dir='ltr'>„dass</span> <span class='ocrx_word' id='word_1_417' title='bbox 1270 4096 1301 4136; x_wconf 82' lang='lat' dir='ltr'>er</span> 
     </span>
     <span class='ocr_line' id='line_1_41' title="bbox 146 4163 1035 4236; baseline 0 -18"><span class='ocrx_word' id='word_1_418' title='bbox 146 4163 190 4218; x_wconf 88' lang='lat' dir='ltr'>die</span> <span class='ocrx_word' id='word_1_419' title='bbox 209 4165 370 4236; x_wconf 84' lang='lat' dir='ltr'>Gesiunung</span> <span class='ocrx_word' id='word_1_420' title='bbox 387 4167 474 4220; x_wconf 90' lang='lat' dir='ltr'>seines</span> <span class='ocrx_word' id='word_1_421' title='bbox 493 4182 608 4234; x_wconf 80' lang='lat' dir='ltr'>grossen</span> <span class='ocrx_word' id='word_1_422' title='bbox 621 4165 731 4218; x_wconf 88' lang='lat' dir='ltr'>Oheims</span> <span class='ocrx_word' id='word_1_423' title='bbox 749 4169 846 4233; x_wconf 82' lang='lat' dir='ltr'>getreu</span> <span class='ocrx_word' id='word_1_424' title='bbox 865 4165 1035 4218; x_wconf 83' lang='lat' dir='ltr'>bewahrte“.</span> 
     </span>
    </p>
   </div>
   <div class='ocr_carea' id='block_1_6' title="bbox 0 0 1504 4826">
    <p class='ocr_par' dir='ltr' id='par_1_7' title="bbox 0 0 1504 4826">
     <span class='ocr_line' id='line_1_42' title="bbox 0 0 1504 4826; baseline 0 2"><span class='ocrx_word' id='word_1_425' title='bbox 0 0 1504 4826; x_wconf 95' lang='lat' dir='ltr'> </span> 
     </span>
    </p>
   </div>
  </div>
 </body>
</html>
