2954 4824
201 380 298 446 28¹

200 553 233 618 in
262 553 488 618 Euctemouem
519 552 732 617 instituerunt.
790 553 903 636 Neque
933 572 1060 635 vereor,
1089 571 1129 618 ne
1159 553 1323 636 vocabulo,

202 655 287 739 quod
303 662 351 721 est
367 647 530 740 ψήφισμα,
545 656 748 721 Euctemouis
765 654 957 721 sententiam
974 677 994 720 a
1010 661 1122 720 senatu
1138 656 1323 740 populoque

201 758 440 843 comprobatam
470 778 540 824 esse
570 758 705 824 indicari
739 779 900 843 opponas,
934 778 1031 841 neve,
1065 759 1150 840 quod
1179 759 1324 841 proxime

200 861 393 944 insequitur,
422 857 492 939 ,ἵνα
516 860 684 945 συντέμω(
713 864 759 926 ita
781 881 926 945 premas,
955 867 989 924 ut
1021 861 1063 924 ad
1098 861 1326 926 antecedentia

202 984 329 1046 quoque
352 984 390 1029 ac
413 983 475 1028 non
497 963 720 1028 tantummodo
744 965 785 1029 ad
809 965 1082 1050 sequentiaque
1105 963 1208 1045 debet,
1240 963 1326 1028 refe·

202 1072 301 1132 ratur.
345 1067 458 1149 Neque
474 1071 581 1132 tamen
604 1067 663 1131 boc
686 1068 755 1132 loco
771 1067 977 1131 interstitium
1000 1066 1203 1130 librariorum
1228 1065 1326 1148 culpa

201 1169 319 1234 lactum
342 1187 413 1234 esse
436 1175 529 1253 puto,
559 1169 615 1234 sed
642 1168 701 1235 hoe
732 1170 813 1234 sicut
842 1167 938 1252 illud,
967 1168 1093 1252 dequo
1121 1187 1219 1253 supra
1248 1167 1326 1249 dixi,

201 1273 320 1337 oratori
345 1271 406 1356 ipsi
430 1271 665 1338 attribuendum
689 1279 745 1338 est.
798 1270 1001 1350 Quinetiam
1026 1276 1195 1354 utrumque
1218 1271 1324 1336 eidem

202 1375 334 1440 consilio
357 1375 492 1440 oratoris
516 1375 737 1441 adscribimus.
775 1369 893 1458 Neque
921 1375 1005 1439 enim
1035 1373 1183 1440 dubitare
1213 1393 1325 1458 possu-

203 1497 281 1556 mus,
305 1479 382 1561 quin
406 1477 514 1543 omnia
531 1476 613 1543 haec
635 1497 670 1545 se
692 1479 774 1544 bene
789 1477 954 1560 haberent,
976 1477 1003 1542 si
1022 1477 1126 1561 verba,
1151 1482 1325 1559 quaesunt

200 1580 264 1644 τοῦ
289 1580 324 1644 δὲ
347 1575 542 1666 πράγματος
573 1572 685 1646 οὐκέτ’
708 1574 807 1658 ὄντος
832 1570 1120 1666 ἀμφισβητησίμου
1146 1617 1189 1626 -
1212 1580 1324 1644 δυναί-

201 1688 288 1766 μεθα
311 1683 496 1767 exciperent
518 1684 589 1767 illa,
619 1703 701 1766 quae
730 1685 866 1767 priorem
889 1683 1081 1748 narrationis
1103 1688 1230 1767 partem
1254 1703 1325 1748 cou-

202 1785 310 1851 ficiunt
325 1795 355 1851 et
371 1787 475 1852 verbis
492 1787 700 1851 absolvuntur
719 1787 781 1851 his:
804 1783 864 1852 ἐὰν
879 1779 909 1853 δ’
926 1778 1171 1872 ἀμφισβητῆταί
1186 1811 1228 1866 τι,
1251 1808 1324 1851 ποι-

148 1966 152 1975 .
202 1900 252 1954 εῑν
276 1888 492 1970 διαδικασίαν,
515 1883 578 1954 τὸν
600 1890 636 1955 δὲ
657 1884 849 1975 ἡττηθέντα
864 1893 989 1954 τοῦτον
1005 1880 1155 1970 ὀφείλειν
1169 1893 1210 1972 τῇ
1226 1886 1325 1956 πόλει
1372 1939 1375 1950 ,

204 1991 238 2079 (ξ
258 1990 422 2077 11.-13.),
467 1994 581 2075 Itaque
596 1994 733 2077 priorem
755 1993 948 2058 narrationis
963 1999 1095 2077 partem,
1112 2013 1209 2075 quam
1226 1994 1326 2058 verba

202 2095 252 2177 ,ε’-ξ
280 2085 384 2180 ἀρχῆς
406 2081 469 2160 οὖν
491 2095 528 2160 ἐν
551 2097 683 2179 βραχέσι
711 2132 751 2142 -
774 2086 925 2177 ὀφείλειν
945 2099 987 2179 τῇ
1008 2090 1120 2161 πόλει(
1151 2097 1326 2178 continent,

201 2219 264 2262 uon
288 2198 463 2283 posteriori,
488 2206 521 2262 nt
543 2199 589 2266 ita
613 2199 725 2281 dicam,
748 2199 924 2264 recensioni
948 2198 1112 2280 orationis,
1146 2199 1202 2263 sed
1226 2198 1325 2282 priori

202 2301 428 2366 commentario
451 2300 588 2384 vindico,
610 2303 661 2366 vel
684 2301 791 2386 potius
814 2308 881 2367 tam
905 2303 1002 2386 priori
1026 2320 1122 2383 quam
1146 2301 1325 2385 posteriori,

203 2405 279 2487 quia
303 2410 409 2469 orator
430 2405 508 2488 ipse,
531 2424 615 2485 quae
637 2406 724 2489 prior
739 2423 815 2489 pars
831 2405 945 2489 prioris
967 2404 1187 2470 commentarii
1211 2403 1324 2486 fuerat,

202 2506 338 2572 eandem
362 2513 475 2591 postea
498 2508 530 2570 in
554 2507 692 2572 alteram
709 2509 886 2572 orationem
910 2507 1081 2588 transtulit,
1104 2526 1173 2571 cum
1192 2507 1325 2590 posteri-

183 2628 288 2677 ¹orem
312 2609 427 2694 prioris
450 2611 644 2674 narrationis
670 2617 808 2694 partem,
839 2617 963 2674 mutato
993 2629 1097 2674 rerum
1131 2608 1228 2673 statui
1260 2611 1326 2674 iam

202 2733 265 2777 non
289 2719 408 2797 aptam,
431 2733 493 2776 non
517 2714 823 2778 accommodandam
853 2712 910 2778 sed
940 2713 1117 2796 neglectam
1148 2712 1326 2794 relinquen-

203 2816 279 2879 dam
302 2835 373 2881 esse
403 2823 545 2899 putaret,
576 2837 633 2901 pre
665 2836 729 2898 qua
759 2825 877 2879 novam
904 2822 1043 2900 partem,
1074 2835 1169 2898 quam
1200 2816 1276 2881 inde
1306 2835 1326 2878 a

133 2982 136 2990 ,
205 2918 310 2982 verbis
333 2914 536 3002 ,γράφονται
555 2912 595 2984 τὸ
617 2914 783 3006 φήφισνα(
804 2918 955 2983 traditam
972 2918 1135 2998 babemus,
1158 2917 1327 2982 substitue-

202 3025 260 3086 ret.
305 3018 396 3099 Quod
419 3041 489 3085 enm
515 3020 643 3102 faceret,
666 3021 753 3085 sacili
777 3022 902 3085 incuria
925 3022 1007 3085 inter
1029 3020 1127 3084 verba
1157 3011 1325 3101 ,ὀφείλειν

202 3126 243 3206 τῇ
264 3115 378 3188 πόλεν
401 3129 431 3187 εί
457 3119 671 3207 ,γράφονταιί
694 3123 869 3188 membrum
893 3126 1039 3188 omittere
1061 3123 1172 3206 potuit.
1218 3123 1324 3188 Verba

203 3232 309 3290 autem
340 3227 417 3303 ,τοῦ
448 3223 483 3289 δὲ
508 3221 703 3311 πράγματος
731 3263 773 3272 -
804 3225 1015 3310 ovoatpeea‘,
1046 3245 1117 3290 oum
1151 3231 1264 3290 orator
1293 3226 1325 3288 iu

203 3327 440 3392 commentariis
464 3328 620 3392 orationi-s
643 3329 839 3412 reliquisset,
860 3329 958 3393 totius
981 3327 1135 3393 orationis
1157 3329 1263 3393 editor
1286 3365 1324 3376 —

203 3431 414 3513 nequeenim
438 3429 687 3496 aDemosthene
710 3432 779 3515 ipso
802 3431 922 3496 editam
947 3449 1018 3496 esse
1041 3430 1124 3494 hauc
1147 3432 1323 3496 orationem
1351 3507 1353 3512 Ι

203 3552 262 3615 ego
285 3553 355 3597 cum
379 3532 551 3598 Schaefero
573 3533 679 3598 iudico
702 3570 744 3582 -
764 3554 826 3597 non
850 3533 951 3615 eiecit,
975 3533 1031 3598 sed
1054 3553 1094 3598 ne
1117 3533 1193 3616 quid
1210 3534 1324 3598 Demo·

204 3635 324 3700 sthenis
348 3637 514 3702 verborum
538 3636 698 3721 interiret,
726 3637 850 3720 integra
873 3635 1010 3718 reliquit.
1055 3636 1187 3702 Accedit
1210 3636 1253 3700 ad
1275 3635 1324 3700 fir·-

204 3736 354 3801 mandam
378 3736 627 3822 disputationem
655 3745 809 3822 nostram,
839 3738 923 3821 quod
952 3738 1095 3822 intellegi
1125 3759 1187 3802 non
1211 3746 1325 3823 potest,

205 3861 260 3904 cur
289 3841 522 3906 Demosthenes
555 3842 587 3906 in
610 3841 716 3924 prioro
739 3844 883 3928 orationq
914 3847 981 3906 tam
1012 3841 1101 3906 brevi
1132 3843 1324 3925 narratione,

205 3943 332 4027 qualem
355 3944 461 4009 verbis
490 3946 566 4022 ,τοῦ
590 3945 625 4010 db
647 3940 841 4031 πράγματος
871 3983 914 3992 —
938 3944 1139 4028 δυναίμεθα(
1169 3944 1323 4010 contineri

204 4046 402 4130 videbamus,
425 4051 591 4112 contentus
611 4048 714 4113 luerit.
758 4047 890 4128 Eadem,
914 4066 997 4129 quae
1020 4047 1131 4111 horum
1148 4046 1322 4130 verborum,

203 4150 332 4214 fortuna
356 4169 473 4233 eorum,
495 4168 579 4232 quae
601 4156 676 4213 sunt
697 4151 883 4236 βουλοίμην
907 4140 935 4214 d
953 4141 994 4213 bv
1017 4148 1074 4234 ἐμέ
1087 4172 1124 4215 τε
1139 4161 1252 4233 τυχεῖν
1275 4137 1322 4214 ὧν

203 4247 374 4336 βούλομαι,
396 4255 521 4317 τοῦτον
542 4275 579 4316 τε
601 4258 727 4317 παθεῖν
750 4242 799 4316 ὧν
823 4244 913 4334 ἄξιός
935 4250 1041 4331 ἐστιν,
1066 4252 1167 4317 fuisse
1190 4251 1321 4336 videtur,
