2998 4826
749 149 770 212 5

271 344 298 421 l)
331 345 369 403 18
399 348 414 416 ἓ
446 344 514 402 138.
568 338 797 413 Demosthenes,
830 347 990 420 postquam
1023 341 1177 421 complura
1205 341 1343 421 exempla

182 464 284 504 aarum
311 464 421 516 rerum,
448 463 522 521 quas
545 439 708 502 Aeschines
736 450 839 502 contra
865 462 1050 505 communem
1082 443 1192 505 civium
1214 442 1342 505 salutem

183 554 366 626 susceperat,
394 566 429 606 eo
448 544 570 605 consilio
594 550 628 620 ἐξ
654 546 819 606 132-137
843 543 959 618 attulit,
988 553 1023 605 ut
1044 554 1142 606 essent
1164 546 1342 606 documenta

181 649 345 710 sententiae
358 650 390 708 in
406 654 421 723 ἕ
440 650 497 708 131
514 645 683 726 propositae
696 647 725 726 ¹),
749 651 764 720 ξ
783 649 842 707 138
858 646 930 707 dicit
944 656 1041 708 cetera
1057 669 1088 708 se
1102 649 1341 728 praetermittere,

182 773 259 831 quae
280 760 379 832 posset
406 748 545 828 exempla
572 748 703 809 eiusdem
733 748 848 826 generis
871 749 1018 828 afferre2).
1069 751 1128 812 Sed
1160 751 1342 831 paulopost

180 854 360 916 Aeschinem
389 851 503 914 bellum
530 849 745 929 Amphissense
777 849 843 910 ideo
871 851 998 912 movisse
1025 851 1108 926 dicit,
1139 863 1174 914 ut
1200 853 1341 935 Philippo

180 957 325 1018 Graeciae
347 955 528 1034 subigendae
550 960 728 1033 potestatem
749 951 875 1027 faceret,
899 959 934 1029 ἐξ
959 956 1019 1015 143
1046 975 1070 1016 6.
1093 977 1120 1035 q.
1143 977 1177 1030 s.‚
1210 955 1340 1019 maxime

179 1080 248 1122 vero
271 1067 305 1136 ἐς
330 1063 389 1121 156
413 1066 443 1119 et
465 1060 533 1119 158.

264 1163 295 1244 2)
324 1163 377 1242 4³)
412 1167 427 1236 ἓ
453 1162 491 1222 13
531 1148 575 1232 ὡς
595 1150 654 1237 μὲν
680 1143 806 1219 οὖνδεῖ
834 1149 876 1218 τὰ
897 1149 1105 1242 προσήκοντα
1132 1160 1242 1222 ποιεῖν
1264 1155 1341 1224 ἐθέ-

178 1367 324 1418 numerum
348 1347 539 1414 exemplorum
563 1361 619 1398 non
642 1343 737 1412 recepi
760 1345 794 1396 23
819 1343 888 1413 §18
920 1341 1120 1414 ὑπεσχημένον.
1167 1347 1339 1416 Quamquam

181 1440 219 1493 eis
238 1438 283 1508 ἐξ,
303 1453 373 1504 quae
392 1431 578 1502 praecedunt,
602 1430 743 1497 pollicitus
766 1448 823 1484 non
843 1437 884 1485 est
903 1433 1102 1490 Demosthenes
1121 1435 1172 1488 tali
1190 1453 1219 1488 se
1239 1453 1338 1491 causae

180 1524 302 1579 orandae
321 1521 503 1590 dispositione
521 1534 635 1571 usurum
654 1505 720 1571 ess‘e.
762 1520 816 1574 Sed
833 1520 880 1574 illa
902 1537 996 1574 rerum
1022 1523 1210 1591 repugnantia
1229 1524 1338 1578 videtur

180 1613 216 1667 ad
234 1611 362 1666 librarios
381 1606 537 1662 revocanda
556 1623 622 1660 esse.
653 1605 723 1658 Nam
737 1606 760 1658 si
772 1606 970 1662 Demosthenes
982 1610 1042 1677 ipse
1061 1610 1173 1677 scripsit
1191 1607 1338 1678 ὑπισχνού-

177 1716 270 1770 μενον,
289 1697 358 1756 nihil
378 1700 428 1763 est,
448 1693 523 1762 quod
541 1693 665 1763 graviter
683 1694 909 1761 reprehendatur.
948 1695 1090 1764 Fortasse,
1110 1699 1138 1752 id
1156 1699 1230 1766 quod
1250 1699 1286 1753 ad
1303 1701 1338 1754 si·

177 1789 270 1841 milam
288 1783 501 1854 repugnantiam
520 1781 652 1849 pertinet,
672 1782 756 1834 etiam
775 1785 808 1835 14
827 1783 843 1853 ξ
862 1785 896 1836 29
914 1784 1092 1838 scribendum
1112 1790 1153 1839 est
1170 1791 1337 1858 τριακοσίαις

176 1872 319 1945 τριήρεσιν,
338 1863 375 1924 ὧν
393 1867 491 1924 ἑκατὸν
508 1866 538 1920 π’
557 1864 746 1938 παρεσχόμεθ’
764 1865 849 1938 ἡμεῖς,
869 1869 903 1923 cf.
923 1871 1001 1926 Deru.
1029 1874 1062 1925 18
1081 1871 1096 1941 ξ
1116 1875 1167 1927 238
1186 1879 1215 1928 ot
1232 1875 1335 1932 Herod,

175 1968 200 2034 8,
220 1967 261 2017 44.
298 1961 348 2030 (Cf.
367 1960 451 2014 etiam
469 1957 616 2010 Westerm.
637 1959 665 2008 et
684 1956 814 2023 Rosenb,
833 1956 975 2026 Krsnzr.⁰,
994 1976 1021 2026 p.
1042 1960 1113 2028 144.)

245 2051 268 2122 1)
299 2045 317 2100 ἃ
340 2046 365 2099 δ’
386 2043 455 2116 ὑπὲρ
477 2048 532 2095 τῶν
555 2044 664 2113 ἐχθρῶν
683 2049 806 2112 φανερῶς
821 2042 978 2115 ἀπεδείχθη
996 2043 1137 2116 πράττων,
1155 2047 1229 2101 ταῦτ’
1248 2048 1337 2121 α’ναμ-

174 2136 256 2206 νήσω.
315 2137 344 2203 2)
362 2137 448 2204 μυρία
466 2135 558 2182 τοίνυν
576 2171 583 2184 .
603 2172 609 2184 .
628 2170 633 2183 .
652 2133 821 2201 παραλείπω.
910 2134 937 2202 3)
955 2134 1011 2198 Ea,
1036 2152 1107 2202 quae
1125 2136 1257 2190 allaturus
1276 2156 1336 2192 sum

176 2247 210 2282 ex
227 2227 281 2280 hac
300 2223 439 2288 oratione,
463 2234 519 2272 non
536 2221 634 2288 ignoro
656 2219 760 2286 partim
779 2221 921 2287 pertinere
944 2221 980 2274 sd
1004 2222 1127 2291 priorem
1145 2226 1300 2279 orationem
1319 2245 1335 2280 a

177 2317 288 2382 Dionys.
301 2312 388 2365 Halia.
408 2308 589 2362 constitutam
607 2305 650 2376 (ἐξ
665 2308 769 2374 1-29),
788 2309 892 2375 partim
911 2308 947 2362 ad
959 2311 1143 2378 posteriorem
1157 2312 1199 2383 (ἐξ
1212 2315 1333 2384 30-51).

179 2402 234 2458 Sed
249 2399 371 2466 Dionysii
382 2396 548 2451 sententiam
567 2412 584 2447 a
602 2411 669 2448 vera
687 2412 779 2448 rerum
798 2397 908 2450 ratione
926 2398 1056 2451 recedere
1074 2401 1238 2466 putaverim.
1275 2401 1334 2468 Qua

179 2490 214 2542 de
232 2505 263 2540 re
280 2485 361 2538 multi
379 2501 465 2552 usque
483 2483 519 2536 ad
538 2488 664 2535 nostram
683 2486 806 2535 aetatem
824 2483 853 2536 in
877 2489 1023 2553 utramque
1045 2491 1156 2554 partem
1176 2486 1335 2555 disputave-

177 2579 251 2630 runt.
288 2571 386 2634 01..οι
404 2588 487 2624 unum
506 2571 655 2636 nominem,
674 2571 811 2625 Blossium
821 2573 888 2640 ’(ΙΠ,
909 2575 931 2640 1,
951 2575 1000 2626 261
1022 2591 1044 2627 6.
1064 2592 1089 2642 q.
1110 2592 1144 2636 6..
1163 2574 1241 2629 Dem.
1260 2594 1335 2630 naun

174 2664 296 2730 Philipp.
315 2659 433 2725 Reden',
456 2657 548 2727 Leipz.
570 2658 651 2724 1884,
670 2676 697 2726 p.
718 2659 764 2724 16,
782 2659 864 2714 Anm.
884 2661 910 2728 5,
930 2666 1003 2729 etp.
1023 2663 1072 2728 31,
1099 2662 1179 2714 Anm.
1200 2665 1227 2730 l,
1256 2663 1333 2718 Dem.

176 2752 331 2816 orationes,
358 2748 412 2801 vol.
431 2746 464 2813 1⁴,
493 2746 567 2813 lrips.
590 2746 672 2814 1885,
691 2763 718 2815 p.
737 2747 788 2814 23).
829 2746 1001 2815 Quamquam
1019 2748 1065 2802 hio
1083 2749 1158 2803 locus
1178 2751 1335 2806 uberiorem

176 2839 393 2908 disputationem
412 2851 468 2887 non
487 2831 619 2898 admittit,
639 2831 731 2900 aliquo
745 2837 839 2886 tamen
856 2836 938 2889 modo
952 2836 1061 2890 videtur
1073 2837 1252 2892 indicandum
1266 2857 1334 2908 esse,

176 2945 224 2982 cur
242 2927 318 2980 illam
338 2924 493 2977 orationem
512 2937 546 2972 ex
565 2919 672 2974 duabus
698 2921 845 2975 conflatam
874 2940 933 2977 6666
960 2940 1067 2994 negem.
1104 2925 1197 2992 Atque
1216 2927 1257 2994 ei,
1288 2929 1334 2996 qui

174 3013 341 3068 sententiam
360 3009 484 3077 Dionysii
508 3011 676 3076 sequuntur,
706 3027 762 3064 non
786 3016 903 3078 possunt
927 3012 1007 3080 plura
1030 3011 1130 3066 afferre
1154 3030 1237 3080 quam
1265 3015 1334 3069 haec

175 3106 320 3170 quattuor:
349 3099 397 3167 (n0.
424 3099 457 3163 1.)
482 3100 530 3149 aut
554 3096 656 3163 prioris
681 3098 815 3151 orationis
841 3099 963 3152 clausula
987 3104 1015 3152 et
1039 3101 1201 3168 posterioris
1225 3102 1334 3156 initium

174 3196 232 3243 tam
250 3192 315 3258 apte
334 3187 513 3251 interierunt,
542 3188 574 3237 ut
602 3185 723 3252 reliquae
747 3189 842 3253 partes
867 3186 896 3238 in
920 3204 1005 3239 unum
1028 3188 1107 3255 quasi
1133 3204 1232 3256 corpus
1252 3188 1334 3244 facile

176 3280 288 3345 possent
308 3274 475 3339 coalescere,
504 3274 553 3340 (n0.
578 3275 613 3340 2.)
638 3276 685 3325 sut
704 3273 812 3327 interiit
837 3273 939 3342 prioris
964 3274 1101 3340 clausula,
1127 3277 1267 3344 integrum
1293 3282 1334 3331 est

176 3363 336 3432 posterioris
355 3361 479 3427 initium,
505 3363 554 3428 (n0.
573 3362 608 3427 3.)
634 3364 682 3413 aut
699 3361 810 3429 integra
829 3361 864 3414 ad
883 3378 933 3414 nos
951 3362 1126 3428 permanavit
1143 3363 1243 3429 prioris
1263 3363 1334 3418 clau·

175 3453 242 3518 sula,
261 3451 369 3503 interiit
388 3448 549 3516 posterioris
568 3435 693 3514 initium,
706 3449 758 3516 (n0.
777 3449 811 3517 4.)
830 3452 879 3501 aut
892 3449 994 3516 prioris
1013 3446 1135 3502 clausula
1152 3466 1208 3501 non
1226 3450 1333 3504 interiit

174 3556 264 3607 neque
289 3538 397 3590 interiit
419 3536 584 3605 posterioris
608 3535 726 3588 initium.
768 3535 812 3588 Ea
834 3540 927 3589 autem
951 3535 1081 3588 videntur
1099 3534 1189 3589 refelli
1206 3554 1287 3604 posse
1304 3539 1334 3591 in

173 3627 247 3681 hunc
265 3625 385 3679 modum.
423 3622 475 3690 Qui
492 3622 522 3676 id
542 3623 730 3691 amplectitur,
749 3623 823 3691 quod
837 3624 926 3691 primo
939 3623 1000 3676 loco
1020 3624 1101 3690 posui
1119 3624 1167 3690 (n0.
1188 3625 1235 3692 1.),
1255 3626 1334 3678 nimi·

173 3732 220 3768 um
238 3712 339 3766 tribuit
357 3711 426 3764 forti
445 3709 575 3763 fortunae
594 3714 630 3777 et,
649 3711 672 3762 si
691 3711 788 3764 eadem
806 3711 915 3765 ratione
939 3711 981 3763 uti
999 3711 1079 3763 nobis
1098 3710 1211 3776 liceret,
1238 3729 1332 3766 unam·

173 3817 309 3870 quamque
329 3799 483 3853 orationem
508 3797 642 3866 perfacile
660 3816 694 3852 ex
721 3798 827 3851 duabus
846 3796 992 3852 conflatam
1018 3815 1076 3851 esse
1095 3798 1256 3856 diceremus.
1292 3802 1333 3868 Id,

173 3889 248 3959 quod
267 3886 386 3940 secundo
404 3886 466 3939 loco
485 3886 606 3953 positum
626 3889 668 3938 est
687 3888 737 3953 (n0.
757 3886 801 3955 2.),
825 3885 935 3940 videtur
955 3887 990 3940 ob
1010 3887 1131 3939 animum
1143 3887 1267 3954 Dionysii
1285 3891 1333 3943 ob·

171 3980 314 4031 versatum
333 3990 399 4028 esse.
435 3972 508 4026 Nam
520 3967 683 4041 σχολιαστής
700 3971 812 4040 quidam
832 3973 868 4026 ad
878 3975 986 4027 Dem.4
1004 3974 1066 4044 §30
1084 3973 1231 4042 adscripsit
1249 3977 1331 4031 haec:

172 4062 315 4114 Ἐντεῦθέν
322 4072 391 4131 φησι
398 4056 543 4119 Διονύσιος
554 4056 793 4130 ὀἈλικαρνασσεὺς
802 4060 894 4130 ἑτέρον
906 4056 989 4131 λόγου
1000 4059 1068 4113 εἶναι
1083 4057 1178 4130 ἀρχὴν,
1186 4067 1334 4134 προοίμιον

171 4150 211 4218 δὲ,
223 4151 317 4220 φησὶν,
336 4145 385 4199 οὐκ
397 4148 463 4217 ἔχει,
477 4145 572 4214 ἐπειδὴ
586 4147 775 4218 δευτερολογία
784 4149 867 4202 ἐστίν.
896 4149 950 4204 Sed
961 4150 1045 4203 etiam
1057 4165 1097 4202 or.
1110 4147 1333 4206 duodevicesima
