2998 4826
737 134 777 194 24

180 323 321 403 temporis
342 322 474 402 spatium
488 343 508 383 a
521 322 701 401 magistratu
722 321 762 381 ad
782 320 941 382 dicendum
954 319 1147 380 Demostheni
1170 339 1342 380 conoessum

180 445 251 498 esse,
273 445 364 503 quam
378 445 437 504 quo
459 426 556 505 spatio
569 445 606 485 ea
617 423 715 485 forma
727 425 870 484 orationis
884 423 1145 495 duodevicesimae,
1171 442 1248 500 quae
1260 441 1342 482 nuno

181 528 271 590 estin
284 526 443 602 codicibus,
465 527 583 588 recitari
597 534 705 607 potest.
743 526 790 585 Ea
812 527 903 604 igitur
915 524 1014 598 verba,
1038 545 1114 603 quae
1127 523 1342 585 Demosthenes

183 628 264 710 apud
290 628 402 690 iudices
431 629 515 709 feeit,
544 629 699 690 dimidiam
727 637 843 707 partem
868 630 931 689 eius
957 629 1111 701 orationis,
1143 647 1233 706 quam
1261 647 1343 687 nunc

181 731 335 806 babemus,
356 731 406 793 vel
426 731 509 793 haud
529 733 574 792 ita
590 731 686 792 multo
707 730 776 810 plus
798 751 889 810 quam
906 730 1061 790 dimidiam
1082 731 1222 792 videntur
1243 730 1343 808 aequi-

183 854 313 914 parasse.
346 834 416 910 Quo
438 833 553 894 factum
575 842 626 907 est,
650 834 762 912 opinor,
784 840 818 893 ut
832 833 1003 894 defensione
1024 834 1118 912 ipsius
1133 832 1342 894 Demosthenis

183 956 244 1001 non
265 935 361 997 multo
383 935 452 1015 plus
475 940 493 997 3
515 934 606 996 horae
628 935 947 1015 comprehenderentur
968 943 1067 1015 atque,
1090 936 1231 1014 quoniam
1252 932 1344 996 Ctesi-

184 1039 306 1120 phontis
328 1058 446 1117 quoque
468 1039 562 1100 oratio
585 1038 753 1112 accedebat,
777 1046 841 1099 tota
862 1036 994 1098 defensio
1016 1037 1141 1098 4h0ras
1163 1035 1223 1096 sibi
1244 1044 1344 1116 postu·

183 1139 304 1219 laret1).
348 1141 510 1201 Possumus
532 1148 645 1214 autem,
672 1141 730 1200 nisi
753 1139 854 1212 fallor,
883 1140 1055 1200 etiamnunc
1076 1140 1344 1212 coniecturaasse·

185 1244 245 1323 qui,
268 1241 366 1322 qualis
387 1241 449 1303 fere
470 1242 569 1304 forma
589 1243 730 1303 orationis
745 1263 764 1302 a
777 1241 978 1303 Demosthene
999 1249 1101 1302 oratae
1121 1240 1221 1302 fuerit.
1263 1240 1345 1300 Nam

186 1346 218 1407 in
237 1366 274 1408 ea
293 1344 397 1417 forma,
420 1365 511 1424 quam
532 1366 613 1405 nuno
633 1343 785 1418 habemus,
813 1350 847 1420 ἐξ
873 1346 995 1404 1-125
1019 1344 1051 1401 in
1073 1345 1246 1406 universum
1258 1345 1279 1424 2)
1301 1343 1345 1402 ita

186 1455 375 1527 comparatae
388 1455 465 1520 sunt,
490 1455 524 1507 ut
543 1467 591 1507 res
605 1467 659 1526 per
673 1446 837 1526 complures
852 1465 944 1506 annos
958 1453 1058 1523 gestae
1072 1447 1094 1525 ³)
1116 1446 1171 1506 tali
1186 1444 1346 1508 verborum

187 1551 274 1629 copia
295 1550 495 1628 explicentur,
528 1549 626 1628 qualis
654 1549 776 1610 modum
803 1569 863 1610 non
888 1549 1012 1610 excedit.
1056 1549 1115 1611 Sed
1136 1550 1168 1608 in
1189 1569 1225 1609 ea
1252 1555 1345 1627 parte,

188 1671 266 1732 quae
287 1652 406 1712 initium
427 1652 509 1730 capit
531 1670 550 1710 a
572 1656 587 1726 ἓ
613 1653 685 1725 126,
714 1671 761 1711 res
782 1671 842 1711 unc
863 1651 925 1712 fere
947 1653 1059 1733 anno4)
1083 1659 1186 1712 eontra
1206 1649 1348 1730 Amphis·

189 1773 288 1814 senses
310 1761 341 1814 et
362 1753 401 1813 ad
424 1753 627 1815 Chaeroneam
648 1761 749 1832 gestae
778 1761 841 1814 tam
863 1754 983 1815 abunde
1004 1762 1193 1828 enarrantur,
1222 1762 1257 1814 ut
1278 1773 1347 1813 cum

260 1923 286 1992 1)
305 1923 332 1975 Is
350 1922 536 1992 magistratus,
558 1921 604 1989 qui
622 1937 731 1974 servum
744 1897 885 1988 publicum
904 1921 948 1974 vel
967 1922 1050 1975 alium
1069 1921 1207 1990 quendam
1224 1918 1256 1972 rb
1275 1915 1349 1991 ὕδωρ

191 2009 284 2080 έγχεῖν
301 2009 431 2076 iubebat,
459 2026 515 2063 non
532 2013 625 2077 potest
643 2009 731 2061 videri
749 2010 865 2061 rationis
885 2026 984 2077 expers
1003 2009 1098 2075 fuisse,
1128 2009 1150 2060 si
1170 2009 1241 2060 hanc
1261 2007 1349 2062 ferme

191 2097 401 2165 dispositionem
419 2097 493 2166 apud
512 2098 634 2150 animum
652 2113 731 2149 suum
749 2097 913 2163 reputabat,
933 2113 1002 2163 quae
1022 2096 1095 2149 infra
1115 2097 1220 2163 scripta
1237 2095 1348 2164 legitur.

192 2185 297 2255 (Liceat
316 2189 408 2238 autem
432 2185 500 2238 mihi
518 2186 563 2239 hio
582 2199 691 2251 quoque
715 2201 766 2252 pro
786 2184 956 2238 Graecorum
980 2185 1055 2237 horis
1074 2188 1200 2236 nostrum
1218 2183 1350 2236 horarum

192 2272 318 2326 ordinem
336 2272 495 2326 adscribere
513 2276 544 2324 ut
563 2270 722 2339 meliorem.)

363 2361 423 2428 5¹),
442 2355 469 2412 ‘0
485 2353 560 2424 ἥλιος
576 2353 730 2411 ἀναδύεται.
749 2353 930 2428 Ἀκράτισμα,

347 2450 423 2501 6-7.
444 2448 478 2500 01
495 2445 624 2498 δικασταὶ
641 2447 833 2515 παρέρχονται,
852 2446 1019 2514 κληροῦνται,
1038 2441 1086 2502 τὰς
1096 2447 1242 2514 βακτηρίας
1260 2462 1351 2512 παροι-

445 2530 644 2606 λαμβάνουσιν,
668 2535 838 2601 εἰσέρχονται
856 2535 893 2590 alr
910 2529 941 2584 τὸ
959 2527 1148 2603 δικαστήριον,
1172 2527 1350 2602 παραλαμβά-

445 2635 524 2674 νουσι
540 2617 574 2673 τὰ
596 2616 733 2690 σύμβολα,
758 2603 925 2681 cadaloicus.
964 2625 1027 2679 Τοῖς
1050 2624 1125 2678 θεοῖς
1149 2623 1291 2690 θυμιᾶται.
1310 2614 1352 2672 ’Ὁ

445 2706 527 2778 κῆρυξ
542 2703 649 2778 εὔχεται
666 2713 723 2766 τοῖς
740 2713 822 2766 θεοῖς.

295 2801 312 2850 7
316 2798 426 2866 -111s,
446 2793 542 2867 Λόγος
565 2799 710 2864 Αἰσχίνου.
757 2793 869 2856 Μεταξὺ
896 2795 927 2850 dl
953 2792 1051 2848 τούτου
1076 2798 1202 2866 λέγοντος
1227 2799 1350 2864 γίγνεται

446 2882 531 2954 μικρὰ
549 2879 702 2936 ἀνάπαυλα.

246 2971 427 3040 11¹l2-12¹h·
440 2966 583 3040 ”Anserem

300 3060 427 3125 12¹)2-5.
445 3055 539 3128 Λόγοι
556 3059 751 3126 Κτησιφῶντος
767 3059 814 3109 καὶ
830 3056 1036 3128 Δημοσθένους.
1073 3055 1185 3118 Μεταξὺ
1202 3058 1235 3112 δὲ
1252 3053 1353 3110 τούτων

449 3141 583 3214 λεγόντων
601 3141 685 3196 πάλιν
703 3148 825 3213 γίγνεται
842 3141 927 3216 μικρὰ
945 3140 1097 3199 ἀνάπαυλα.

353 3235 429 3288 5-62
451 3236 485 3286 ot
503 3232 630 3284 δικασταὶ
653 3233 767 3302 φέρουσι
790 3231 838 3292 τὰς
860 3229 978 3302 ψήφους.
1017 3229 1052 3283 Ἡ
1065 3237 1165 3302 γνῶσις
1188 3227 1355 3302 ἐγγράφεται

449 3322 495 3371 καὶ
513 3316 711 3390 άναγορεὺεται.

316 3409 431 3476 6-61r,
451 3410 486 3461 01
503 3406 632 3459 δικασταὶ
650 3405 825 3477 ἀπέρχονται.

345 3565 348 3570 Δ
369 3496 430 3563 ⁶¹h·
448 3490 475 3549 ‘0
491 3491 565 3561 ἥλιος
582 3491 752 3550 καταδύεται.
787 3500 919 3550 Δεῖπνον.

135 3573 138 3582 ’
195 3582 224 3652 2)
243 3583 365 3652 Singula,
392 3600 463 3652 quae
487 3601 504 3637 a
527 3583 665 3637 brevitate
690 3581 800 3636 dicendi
823 3582 970 3650 recedunt,
997 3600 1071 3636 nunc
1091 3600 1146 3636 non
1167 3597 1242 3646 euro,
1271 3581 1357 3634 veluti

195 3670 271 3724 illam
299 3669 500 3741 διττογραφίαν
523 3670 701 3750 paragrapho
726 3671 808 3724 63·e.
833 3688 859 3739 q.
884 3689 905 3724 s.
927 3671 1075 3736 inclusam,
1103 3670 1138 3723 de
1166 3685 1221 3738 qua
1243 3669 1356 3737 primus,

196 3757 272 3828 quod
290 3774 341 3826 ego
361 3758 472 3827 quidem
490 3759 584 3826 sciam,
604 3759 736 3826 Taylorus
756 3758 834 3812 1111111.
894 3759 922 3824 3)
940 3758 994 3813 Res
1012 3759 1125 3811 maximi
1142 3757 1276 3810 momenti
1294 3774 1356 3825 per·

196 3845 287 3899 tinent
314 3863 331 3899 a
356 3863 425 3915 paco
452 3863 504 3915 per
530 3847 713 3901 Philocratem
743 3845 821 3900 facta
852 3848 935 3914 (anno
963 3865 987 3900 a.
1017 3846 1079 3901 Chr.
1108 3845 1180 3912 346.)
1207 3860 1294 3912 usque
1320 3842 1357 3897 ad

195 3933 359 4001 Byzantium
377 3950 428 4002 per
440 3934 653 3988 Atheniensium
671 3933 773 3986 auxilia
785 3951 801 3986 a
813 3933 933 4003 Philippi
950 3935 1094 3989 obsidione
1113 3933 1261 3986 liberatum
1273 3932 1355 3999 (339),

197 4021 215 4074 i.
238 4038 260 4075 e.
278 4038 330 4089 per
347 4024 364 4074 7
383 4020 441 4075 fere
459 4037 554 4075 annos.
625 4022 654 4090 4)
674 4021 791 4076 Ciroiter
809 4038 829 4074 a
842 4022 935 4076 media
952 4027 1034 4091 parte
1052 4021 1116 4076 anni
1134 4037 1159 4073 a.
1172 4017 1235 4074 chr.
1248 4037 1276 4072 11.
1295 4021 1355 4074 339.

197 4127 285 4179 usque
303 4108 340 4164 ad
358 4109 550 4178 Septembrem
568 4125 690 4163 mensem
709 4109 774 4162 anni
794 4110 853 4163 338.
