2998 4826
728 210 767 270 13

178 397 217 459 ab
240 395 344 456 cedem
366 415 458 456 causa
478 395 614 475 profecta
633 393 683 454 rel
704 393 764 454 alio
784 393 872 454 modo
892 391 997 452 similis
1018 393 1058 454 sit
1077 393 1183 454 horum
1202 395 1222 454 4
1244 413 1341 453 exem-

177 500 303 580 plorum.
346 497 535 559 Acoedamus
562 496 603 556 ad
629 495 755 575 singula
797 495 846 556 Ac
872 495 1001 575 primum
1028 495 1148 574 quidem
1176 516 1212 556 ea
1240 495 1340 569 verba,

177 623 255 682 quae
277 601 316 662 ad
337 619 495 660 numerum
518 603 546 660 2.
569 599 720 678 adscripsi,
742 605 772 658 et
792 598 891 677 pauca
912 605 1033 658 suntet
1054 597 1094 658 ud
1115 605 1226 658 certam
1247 617 1341 677 quan·

177 704 247 764 dam
268 703 395 764 formam
417 711 489 762 sunt
508 701 696 780 potissimum
724 701 905 774 revocanda,
938 721 1015 779 quae
1044 699 1104 760 dici
1129 699 1204 761 solet
1230 691 1265 761 tv
1286 695 1340 763 διὰ

177 804 274 869 δυοῖν.
317 804 435 866 Deinde
457 825 493 866 ea
520 804 628 880 verba,
662 819 739 883 quae
767 824 925 864 numerum
950 807 979 866 4.
1007 803 1153 877 obtinent,
1185 811 1216 863 et
1243 823 1341 883 pauca

175 916 247 970 sunt
268 916 298 970 et
317 908 459 970 videntur
480 905 699 986 quodammodo
720 905 885 967 necessarie
911 905 943 965 in
968 906 1096 975 formam
1123 905 1186 966 fere
1214 905 1339 968 eandem

129 1030 131 1036 ·
174 1012 296 1073 redacte
317 1031 387 1072 esse.
430 1009 512 1070 Nam
540 1009 663 1088 exponit
684 1009 911 1082 Demosthenes,
940 1008 1013 1087 quid
1035 1008 1232 1070 Aristocratcs
1254 1029 1339 1070 accu-

175 1122 258 1174 satus
287 1113 326 1174 sit
347 1113 489 1174 dicturus.
539 1111 647 1172 Noluit
674 1112 765 1191 igitur
794 1111 958 1190 quidquam
985 1119 1102 1171 mutare
1131 1110 1168 1172 de
1196 1111 1268 1191 ipsis
1296 1113 1338 1174 eis

174 1216 281 1290 verbis,
303 1237 381 1295 quae
396 1215 547 1277 videretur
566 1214 618 1274 ille
639 1214 774 1275 facturus
788 1235 859 1288 csse,
883 1212 935 1274 sed
949 1213 1174 1293 quodammodo,
1197 1223 1233 1275 ut
1246 1215 1339 1276 verba

176 1319 214 1380 ab
245 1317 418 1379 hominibus
448 1317 648 1396 grammaticis
679 1338 759 1378 nunc
791 1338 848 1377 usu
878 1323 997 1396 recepta
1035 1336 1154 1396 sequar,
1192 1337 1264 1378 usus
1294 1326 1340 1379 est

177 1421 310 1481 oratione
331 1419 450 1480 directa.
494 1420 571 1480 Tum
585 1419 679 1480 verba
700 1418 739 1479 ed
760 1439 917 1479 numerum
940 1423 967 1479 5.
990 1417 1085 1479 allata
1105 1427 1136 1479 et
1156 1439 1254 1499 pauca
1269 1428 1340 1482 sunt

177 1531 208 1584 et
233 1523 370 1583 nituntur
397 1523 429 1581 in
458 1543 552 1602 parva
581 1521 712 1602 quadam
744 1520 1014 1602 comprehensione,
1047 1541 1124 1601 quae
1150 1529 1196 1582 est
1220 1513 1338 1602 νόμους

176 1619 345 1710 εἰσφέρειν,
367 1635 397 1686 et
417 1633 574 1687 versantur
594 1625 626 1685 in
648 1644 689 1697 eo,
713 1624 793 1703 quod
814 1631 859 1685 est
879 1631 1034 1702 tamquam
1049 1631 1141 1703 caput
1161 1623 1252 1685 totius
1274 1645 1338 1686 ora·

175 1728 271 1789 tionis.
314 1728 395 1788 Nam
416 1727 597 1806 simulatque
617 1727 648 1786 id
674 1734 720 1787 est
745 1726 893 1787 iudicibus
923 1746 1111 1805 persuasum,
1140 1726 1336 1788 Timocratem

174 1829 250 1891 ferre
279 1821 376 1910 νόμον
397 1829 503 1891 πᾶσιν
524 1821 665 1891 ἐναντίον
686 1828 754 1904 τοῖς
776 1815 850 1890 οὖσι
877 1818 1001 1908 νόμοις,
1033 1828 1109 1889 illud
1135 1819 1335 1914 παράνομον,

174 1933 253 2013 quod
268 1941 423 1995 accusator
440 1933 641 1994 demonstrare
663 1931 770 2005 studet,
792 1930 824 1991 in
839 1931 1056 1993 dubitationem
1077 1932 1137 1992 iam
1159 1953 1219 1994 non
1239 1943 1338 2013 potest

173 2035 273 2097 vocari
288 2042 448 2114 actumque
469 2043 534 2095 tum
557 2043 602 2095 est
623 2033 845 2096 deTimoorate.
887 2035 995 2114 Itaque
1016 2055 1032 2095 e
1053 2054 1085 2096 re
1105 2034 1224 2096 videtur
1244 2035 1336 2098 fuisse

171 2137 227 2197 illa
247 2137 346 2211 verba,
370 2145 533 2216 quaesunt
549 2136 670 2210 ,,πᾶσιν
685 2129 825 2199 ἐναντίον
839 2127 1013 2222 εἰσενήνοχε
1027 2137 1098 2212 τοῖς
1112 2123 1183 2199 οὖσι
1198 2129 1335 2218 νόμοις“,

174 2241 264 2301 etiam
287 2249 377 2319 atque
400 2241 490 2301 etiam
517 2240 549 2298 in
578 2239 709 2299 iudicum
737 2239 844 2314 animis
872 2247 1026 2319 tamquam
1053 2240 1085 2299 in
1111 2238 1217 2301 tabula
1243 2261 1336 2304 aenea

176 2342 310 2404 incidere.
351 2343 490 2422 Denique
512 2363 548 2402 ea
568 2320 673 2415 verba,
704 2362 782 2420 quae
811 2341 850 2402 ed
878 2363 1035 2402 numerum
1064 2347 1090 2404 7.
1121 2342 1276 2424 adscripsi,
1306 2354 1336 2406 et

175 2465 274 2524 pauca
295 2453 364 2505 sunt
385 2452 415 2505 et
435 2453 499 2505 tota
520 2443 652 2524 pendent
672 2443 711 2504 ab
733 2464 770 2504 ea
787 2444 1052 2524 comprehensione,
1075 2465 1152 2525 quae
1167 2455 1212 2508 est
1226 2441 1337 2510 ἐλθεῖν

175 2539 221 2622 εἰς
236 2537 318 2609 τοῦτ’
336 2536 507 2622 ἀναιδείας.
541 2545 600 2606 Sed
613 2566 632 2606 a
644 2547 759 2606 ratione
779 2546 893 2620 horum,
915 2545 952 2606 de
973 2547 1081 2626 quibus
1102 2549 1173 2623 dixi,
1195 2560 1336 2629 quattuor

172 2648 304 2711 Iocorum
319 2650 449 2710 multum
463 2655 578 2708 remota
599 2656 644 2708 est
664 2669 707 2722 ea,
730 2648 859 2727 quaein
880 2647 1000 2709 exordio
1021 2649 1161 2712 orationis
1185 2655 1240 2728 18,
1263 2660 1298 2730 ἐξ
1317 2658 1333 2717 1

171 2762 202 2814 et
217 2757 243 2828 8,
266 2754 402 2814 cernitur.
435 2752 543 2830 Neque
564 2751 643 2811 enim
658 2772 694 2812 ea
708 2750 808 2824 verba,
831 2771 908 2830 quae
929 2751 961 2810 in
975 2750 1031 2812 hoc
1046 2754 1166 2815 exordio
1180 2755 1333 2832 iterantur,

171 2877 269 2936 pauca
290 2863 361 2916 sunt
382 2876 486 2934 neque,
509 2876 562 2916 cur
576 2855 695 2915 omnino
717 2855 834 2915 necesse
856 2853 947 2915 fuerit
961 2875 997 2916 ea
1018 2855 1126 2930 iterari,
1148 2878 1240 2920 causa
1260 2860 1333 2922 satis

170 2968 252 3020 certa
274 2959 372 3020 afferri
393 2967 492 3038 potest
501 2960 549 3036 ¹).‘
575 2957 627 3018 An
655 2957 744 3018 homo
774 2957 957 3018 considerate
985 2978 1076 3037 agens
1104 2981 1248 3040 umquam
1276 2964 1334 3025 sibi

168 3062 317 3142 persuasit
337 3081 449 3121 numen
470 3059 605 3121 divinum
626 3061 744 3121 infirma
765 3062 810 3121 uti
834 3060 997 3122 memoria?
1039 3062 1157 3140 Itaque,
1191 3064 1332 3143 quoniam

168 3167 244 3227 haec
259 3165 418 3227 verborum
433 3162 549 3223 iteratio
564 3183 583 3222 a
593 3163 803 3224 Demosthenis
818 3163 1031 3224 consuetudine
1045 3163 1163 3226 dicendi
1179 3166 1290 3227 recedit
1301 3167 1332 3244 ²),

168 3289 230 3330 non
252 3277 296 3329 est
317 3265 510 3340 laudandum,
533 3264 613 3344 quod
635 3265 742 3326 ambae
763 3265 852 3326 simul
875 3272 909 3341 §§
935 3269 951 3327 1
974 3274 1004 3326 et
1026 3270 1044 3327 8
1070 3267 1102 3325 in
1122 3267 1247 3328 eandem
1269 3289 1332 3331 ora·

168 3371 280 3432 tionem
300 3370 450 3429 immissae
473 3368 539 3428 sint.

253 3471 329 3531 inde
350 3469 647 3549 intelligitur,·quam
669 3490 729 3530 non
751 3469 789 3530 sit
810 3468 969 3530 verisimile
990 3477 1147 3549 utramque
1170 3477 1185 3548 ἕ
1207 3473 1245 3534 ab
1267 3473 1332 3553 ipso

167 3574 370 3634 Demosthene
379 3573 410 3632 in
421 3573 583 3633 orationem
597 3573 865 3634 duodevicesimam
877 3592 939 3632 esse
950 3580 1107 3651 receptam.
1116 3610 1155 3619 —
1167 3576 1250 3652 Quid
1262 3598 1332 3639 vero

167 3675 220 3737 fiet
234 3675 280 3736 his
297 3678 353 3751 §ss
366 3710 404 3719 —
416 3674 508 3749 Idem,
524 3675 635 3755 opinor,
658 3674 738 3753 quod
752 3674 907 3754 permultis
922 3672 981 3734 illis
996 3673 1076 3749 locis,
1099 3697 1176 3755 quae
1192 3678 1332 3740 dicuntur

167 3770 411 3860 διττογραφίαιε
432 3777 526 3837 altera
547 3777 644 3838 estin
666 3785 838 3839 contextum
859 3775 1016 3837 verborum
1038 3777 1214 3858 recipienda,
1238 3781 1332 3844 altera

241 3947 264 4011 1)
284 3946 441 4000 Verborum
460 3947 572 4000 iteratio
590 3964 646 4000 non
665 3949 820 4002 necessaria
844 3946 920 4000 haud
942 3946 983 3999 ita
1006 3947 1076 4002 hene
1101 3953 1230 4006 convenit
1248 3954 1273 4007 ei
1292 3954 1331 4008 di·

168 4035 253 4088 cendi
271 4034 416 4100 brevitati,
445 4051 517 4102 quae
535 4034 642 4087 laudari
661 4036 730 4088 solet
749 4035 778 4087 in
796 4035 992 4088 Demosthene.
1029 4035 1069 4090 ef.
1088 4037 1260 4108 Sauppeum‚
1289 4059 1330 4110 ep.

166 4124 241 4187 crit,
260 4139 288 4189 p.
307 4123 341 4174 38
359 4122 401 4188 (=
413 4122 491 4174 Deru.
511 4139 549 4174 or.
570 4122 626 4188 sel,
644 4140 672 4190 p.
686 4125 728 4189 10)
748 4128 776 4176 et
795 4123 872 4175 Dem.
891 4140 931 4177 or.
949 4123 1006 4192 sel,
1025 4141 1052 4192 p.
1065 4127 1108 4178 20.
1145 4127 1173 4194 2)
1193 4127 1232 4180 Cf.
1246 4130 1330 4184 etiam

166 4227 210 4276 ea,
230 4225 301 4275 quae
320 4208 390 4260 dixit
408 4209 440 4261 A.
461 4209 601 4274 Schaefer,
620 4209 667 4270 ΙΙΙ,
687 4213 711 4278 2,
731 4213 773 4264 60.
