<?xml version="1.0" encoding="UTF-8"?>
<!DOCTYPE html PUBLIC "-//W3C//DTD XHTML 1.0 Transitional//EN"
    "http://www.w3.org/TR/xhtml1/DTD/xhtml1-transitional.dtd">
<html xmlns="http://www.w3.org/1999/xhtml" xml:lang="en" lang="en">
 <head>
  <title>
</title>
<meta http-equiv="Content-Type" content="text/html;charset=utf-8" />
  <meta name='ocr-system' content='tesseract 3.04.00' />
  <meta name='ocr-capabilities' content='ocr_page ocr_carea ocr_par ocr_line ocrx_word'/>
</head>
<body>
  <div class='ocr_page' id='page_1' title='image "./dedemosthenisor00hubogoog_0026.png"; bbox 0 0 2998 4826; ppageno 0'>
   <div class='ocr_carea' id='block_1_1' title="bbox 681 250 719 309">
    <p class='ocr_par' dir='ltr' id='par_1_1' title="bbox 681 250 719 309">
     <span class='ocr_line' id='line_1_1' title="bbox 681 250 719 309; baseline 0.053 -2"><span class='ocrx_word' id='word_1_1' title='bbox 681 250 719 309; x_wconf 83' lang='lat'><strong>17</strong></span> 
     </span>
    </p>
   </div>
   <div class='ocr_carea' id='block_1_2' title="bbox 108 433 1315 4108">
    <p class='ocr_par' dir='ltr' id='par_1_2' title="bbox 108 433 1287 1016">
     <span class='ocr_line' id='line_1_2' title="bbox 204 433 1283 514; baseline 0 -16"><span class='ocrx_word' id='word_1_2' title='bbox 204 433 413 498; x_wconf 85' lang='lat' dir='ltr'><strong>Kirchhoffius</strong></span> <span class='ocrx_word' id='word_1_3' title='bbox 434 435 554 514; x_wconf 85' lang='lat' dir='ltr'><strong>putavit</strong></span> <span class='ocrx_word' id='word_1_4' title='bbox 574 433 605 495; x_wconf 93' lang='lat' dir='ltr'><strong>id</strong></span> <span class='ocrx_word' id='word_1_5' title='bbox 626 433 783 496; x_wconf 79' lang='lat' dir='ltr'><strong>discrimen</strong></span> <span class='ocrx_word' id='word_1_6' title='bbox 805 436 983 498; x_wconf 83' lang='lat' dir='ltr'><strong>intercedere</strong></span> <span class='ocrx_word' id='word_1_7' title='bbox 1004 437 1082 498; x_wconf 90' lang='lat' dir='ltr'><strong>inter</strong></span> <span class='ocrx_word' id='word_1_8' title='bbox 1101 435 1177 498; x_wconf 87' lang='lat' dir='ltr'><strong>duas</strong></span> <span class='ocrx_word' id='word_1_9' title='bbox 1206 435 1283 512; x_wconf 85' lang='lat' dir='ltr'><strong>illes,</strong></span> 
     </span>
     <span class='ocr_line' id='line_1_3' title="bbox 115 537 1283 622; baseline -0.001 -20"><span class='ocrx_word' id='word_1_10' title='bbox 115 561 196 622; x_wconf 87' lang='lat' dir='ltr'><strong>quas</strong></span> <span class='ocrx_word' id='word_1_11' title='bbox 218 539 420 612; x_wconf 86' lang='lat' dir='ltr'><strong>constituerat,</strong></span> <span class='ocrx_word' id='word_1_12' title='bbox 442 537 583 598; x_wconf 89' lang='lat' dir='ltr'><strong>orationis</strong></span> <span class='ocrx_word' id='word_1_13' title='bbox 604 547 712 617; x_wconf 89' lang='lat' dir='ltr'><strong>partes,</strong></span> <span class='ocrx_word' id='word_1_14' title='bbox 734 546 769 599; x_wconf 92' lang='lat' dir='ltr'><strong>ut</strong></span> <span class='ocrx_word' id='word_1_15' title='bbox 782 539 863 618; x_wconf 87' lang='lat' dir='ltr'><strong>prior</strong></span> <span class='ocrx_word' id='word_1_16' title='bbox 876 539 996 600; x_wconf 84' lang='lat' dir='ltr'><strong>omnino</strong></span> <span class='ocrx_word' id='word_1_17' title='bbox 1011 548 1123 600; x_wconf 75' lang='lat' dir='ltr'><strong>careret</strong></span> <span class='ocrx_word' id='word_1_18' title='bbox 1137 559 1173 600; x_wconf 85' lang='lat' dir='ltr'><strong>ea</strong></span> <span class='ocrx_word' id='word_1_19' title='bbox 1191 539 1283 601; x_wconf 85' lang='lat' dir='ltr'><strong>enimi</strong></span> 
     </span>
     <span class='ocr_line' id='line_1_4' title="bbox 108 640 1285 722; baseline -0.003 -14"><span class='ocrx_word' id='word_1_20' title='bbox 108 645 292 715; x_wconf 70' lang='lat' dir='ltr'><strong>&#39;acerbitate</strong></span> <span class='ocrx_word' id='word_1_21' title='bbox 315 661 407 720; x_wconf 88' lang='lat' dir='ltr'><strong>quam</strong></span> <span class='ocrx_word' id='word_1_22' title='bbox 427 661 481 702; x_wconf 89' lang='lat' dir='ltr'><strong>nos</strong></span> <span class='ocrx_word' id='word_1_23' title='bbox 502 661 644 722; x_wconf 78' lang='lat' dir='ltr'><strong>vocamus</strong></span> <span class='ocrx_word' id='word_1_24' title='bbox 655 640 869 702; x_wconf 84' lang='lat' dir='ltr'><strong>Leidenscheft</strong></span> <span class='ocrx_word' id='word_1_25' title='bbox 880 641 910 719; x_wconf 83' lang='lat'><strong>¹),</strong></span> <span class='ocrx_word' id='word_1_26' title='bbox 932 643 1076 721; x_wconf 86' lang='lat' dir='ltr'><strong>posterior</strong></span> <span class='ocrx_word' id='word_1_27' title='bbox 1087 642 1191 704; x_wconf 86' lang='lat' dir='ltr'><strong>eadem</strong></span> <span class='ocrx_word' id='word_1_28' title='bbox 1206 663 1285 704; x_wconf 88' lang='lat' dir='ltr'><strong>scer·</strong></span> 
     </span>
     <span class='ocr_line' id='line_1_5' title="bbox 116 743 1285 825; baseline -0.005 -14"><span class='ocrx_word' id='word_1_29' title='bbox 116 750 214 812; x_wconf 81' lang='lat' dir='ltr'><strong>bitatc</strong></span> <span class='ocrx_word' id='word_1_30' title='bbox 236 753 314 808; x_wconf 86' lang='lat' dir='ltr'><strong>esset</strong></span> <span class='ocrx_word' id='word_1_31' title='bbox 343 744 468 823; x_wconf 87' lang='lat' dir='ltr'><strong>insignis</strong></span> <span class='ocrx_word' id='word_1_32' title='bbox 478 745 509 825; x_wconf 80' lang='lat'><strong>²).</strong></span> <span class='ocrx_word' id='word_1_33' title='bbox 552 743 613 805; x_wconf 82' lang='lat' dir='ltr'><strong>Sed</strong></span> <span class='ocrx_word' id='word_1_34' title='bbox 641 751 760 804; x_wconf 88' lang='lat' dir='ltr'><strong>tentum</strong></span> <span class='ocrx_word' id='word_1_35' title='bbox 785 743 975 818; x_wconf 82' lang='lat' dir='ltr'><strong>discriminis,</strong></span> <span class='ocrx_word' id='word_1_36' title='bbox 1006 755 1153 823; x_wconf 90' lang='lat' dir='ltr'><strong>quantum</strong></span> <span class='ocrx_word' id='word_1_37' title='bbox 1180 744 1285 820; x_wconf 88' lang='lat' dir='ltr'><strong>voluit,</strong></span> 
     </span>
     <span class='ocr_line' id='line_1_6' title="bbox 116 846 1287 928; baseline -0.003 -15"><span class='ocrx_word' id='word_1_38' title='bbox 116 854 196 913; x_wconf 83' lang='lat' dir='ltr'><strong>inter</strong></span> <span class='ocrx_word' id='word_1_39' title='bbox 218 851 295 910; x_wconf 87' lang='lat' dir='ltr'><strong>duas</strong></span> <span class='ocrx_word' id='word_1_40' title='bbox 317 854 418 927; x_wconf 85' lang='lat' dir='ltr'><strong>partes</strong></span> <span class='ocrx_word' id='word_1_41' title='bbox 440 847 580 908; x_wconf 87' lang='lat' dir='ltr'><strong>orationis</strong></span> <span class='ocrx_word' id='word_1_42' title='bbox 601 865 661 906; x_wconf 89' lang='lat' dir='ltr'><strong>non</strong></span> <span class='ocrx_word' id='word_1_43' title='bbox 682 846 808 907; x_wconf 82' lang='lat' dir='ltr'><strong>dixerim</strong></span> <span class='ocrx_word' id='word_1_44' title='bbox 835 847 1013 909; x_wconf 85' lang='lat' dir='ltr'><strong>intercedere</strong></span> <span class='ocrx_word' id='word_1_45' title='bbox 1024 849 1055 928; x_wconf 70' lang='grc'><strong>8).</strong></span> <span class='ocrx_word' id='word_1_46' title='bbox 1097 846 1287 909; x_wconf 74' lang='lat' dir='ltr'><strong>Documenta</strong></span> 
     </span>
     <span class='ocr_line' id='line_1_7' title="bbox 118 948 586 1016; baseline -0.015 0"><span class='ocrx_word' id='word_1_47' title='bbox 118 953 287 1016; x_wconf 84' lang='lat' dir='ltr'><strong>sententiae</strong></span> <span class='ocrx_word' id='word_1_48' title='bbox 308 969 393 1010; x_wconf 85' lang='lat' dir='ltr'><strong>meae</strong></span> <span class='ocrx_word' id='word_1_49' title='bbox 414 957 486 1009; x_wconf 90' lang='lat' dir='ltr'><strong>sunt</strong></span> <span class='ocrx_word' id='word_1_50' title='bbox 504 948 586 1010; x_wconf 89' lang='lat' dir='ltr'><strong>haec.</strong></span> 
     </span>
    </p>

    <p class='ocr_par' dir='ltr' id='par_1_3' title="bbox 121 1049 1285 1233">
     <span class='ocr_line' id='line_1_8' title="bbox 208 1049 1285 1131; baseline -0.004 -15"><span class='ocrx_word' id='word_1_51' title='bbox 208 1055 249 1130; x_wconf 86' lang='grc' dir='ltr'><strong>Α)</strong></span> <span class='ocrx_word' id='word_1_52' title='bbox 270 1050 422 1131; x_wconf 86' lang='lat' dir='ltr'><strong>Exempla</strong></span> <span class='ocrx_word' id='word_1_53' title='bbox 444 1051 614 1112; x_wconf 78' lang='lat' dir='ltr'><strong>acerbitatis</strong></span> <span class='ocrx_word' id='word_1_54' title='bbox 636 1071 674 1111; x_wconf 87' lang='lat' dir='ltr'><strong>ex</strong></span> <span class='ocrx_word' id='word_1_55' title='bbox 694 1071 730 1111; x_wconf 88' lang='lat' dir='ltr'><strong>ea</strong></span> <span class='ocrx_word' id='word_1_56' title='bbox 750 1060 835 1131; x_wconf 87' lang='lat' dir='ltr'><strong>parte</strong></span> <span class='ocrx_word' id='word_1_57' title='bbox 859 1053 1000 1114; x_wconf 84' lang='lat' dir='ltr'><strong>cretionis</strong></span> <span class='ocrx_word' id='word_1_58' title='bbox 1027 1049 1163 1127; x_wconf 85' lang='lat' dir='ltr'><strong>collecta,</strong></span> <span class='ocrx_word' id='word_1_59' title='bbox 1194 1071 1285 1131; x_wconf 86' lang='lat' dir='ltr'><strong>quam</strong></span> 
     </span>
     <span class='ocr_line' id='line_1_9' title="bbox 121 1145 941 1233; baseline -0.007 -11"><span class='ocrx_word' id='word_1_60' title='bbox 121 1145 330 1222; x_wconf 85' lang='lat' dir='ltr'><strong>Kirchhoffius</strong></span> <span class='ocrx_word' id='word_1_61' title='bbox 351 1175 380 1233; x_wconf 87' lang='lat' dir='ltr'><strong>p.</strong></span> <span class='ocrx_word' id='word_1_62' title='bbox 404 1155 527 1215; x_wconf 86' lang='grc'>89-99</span> <span class='ocrx_word' id='word_1_63' title='bbox 550 1155 752 1214; x_wconf 84' lang='lat' dir='ltr'><strong>commentarii</strong></span> <span class='ocrx_word' id='word_1_64' title='bbox 774 1155 820 1214; x_wconf 91' lang='lat' dir='ltr'><strong>sui</strong></span> <span class='ocrx_word' id='word_1_65' title='bbox 841 1155 941 1216; x_wconf 89' lang='lat' dir='ltr'><strong>edidit</strong></span> 
     </span>
    </p>

    <p class='ocr_par' dir='ltr' id='par_1_4' title="bbox 213 1245 1287 1342">
     <span class='ocr_line' id='line_1_10' title="bbox 213 1245 1287 1342; baseline -0.001 -23"><span class='ocrx_word' id='word_1_66' title='bbox 213 1260 244 1342; x_wconf 90' lang='grc'>1)</span> <span class='ocrx_word' id='word_1_67' title='bbox 269 1265 285 1334; x_wconf 89' lang='lat'>5</span> <span class='ocrx_word' id='word_1_68' title='bbox 303 1261 342 1319; x_wconf 88' lang='grc'>61</span> <span class='ocrx_word' id='word_1_69' title='bbox 365 1248 469 1340; x_wconf 79' lang='grc' dir='ltr'><strong><em>φοροὶν</em></strong></span> <span class='ocrx_word' id='word_1_70' title='bbox 489 1252 661 1338; x_wconf 78' lang='grc' dir='ltr'><strong><em>προδοτῶν</em></strong></span> <span class='ocrx_word' id='word_1_71' title='bbox 682 1251 736 1318; x_wconf 86' lang='grc' dir='ltr'><strong><em>καὶ</em></strong></span> <span class='ocrx_word' id='word_1_72' title='bbox 763 1245 951 1342; x_wconf 82' lang='grc' dir='ltr'><strong><em>δωροδόκων</em></strong></span> <span class='ocrx_word' id='word_1_73' title='bbox 972 1251 1028 1318; x_wconf 86' lang='grc' dir='ltr'><strong><em>καί</em></strong></span> <span class='ocrx_word' id='word_1_74' title='bbox 1047 1255 1140 1330; x_wconf 75' lang='grc' dir='ltr'><strong><em>θεοῖς</em></strong></span> <span class='ocrx_word' id='word_1_75' title='bbox 1162 1250 1287 1339; x_wconf 75' lang='grc' dir='ltr'><strong><em>ἐχθρῶν</em></strong></span> 
     </span>
    </p>

    <p class='ocr_par' dir='ltr' id='par_1_5' title="bbox 127 1347 1290 2560">
     <span class='ocr_line' id='line_1_11' title="bbox 127 1347 1286 1446; baseline -0.004 -19"><span class='ocrx_word' id='word_1_76' title='bbox 127 1356 327 1446; x_wconf 74' lang='grc' dir='ltr'><strong><em>ἀνθρώπων.</em></strong></span> <span class='ocrx_word' id='word_1_77' title='bbox 369 1357 399 1438; x_wconf 81' lang='lat'><strong>2)</strong></span> <span class='ocrx_word' id='word_1_78' title='bbox 422 1363 437 1433; x_wconf 91' lang='lat'>5</span> <span class='ocrx_word' id='word_1_79' title='bbox 461 1360 500 1418; x_wconf 82' lang='lat'><strong>87</strong></span> <span class='ocrx_word' id='word_1_80' title='bbox 522 1347 582 1419; x_wconf 81' lang='lat' dir='ltr'><strong>aiiv</strong></span> <span class='ocrx_word' id='word_1_81' title='bbox 604 1351 799 1442; x_wconf 77' lang='grc' dir='ltr'><strong><em>διαρραγῶσί</em></strong></span> <span class='ocrx_word' id='word_1_82' title='bbox 819 1379 902 1433; x_wconf 90' lang='grc' dir='ltr'><strong><em>τινες</em></strong></span> <span class='ocrx_word' id='word_1_83' title='bbox 923 1351 1051 1420; x_wconf 72' lang='grc' dir='ltr'><strong><em>τούτων.</em></strong></span> <span class='ocrx_word' id='word_1_84' title='bbox 1094 1358 1127 1441; x_wconf 72' lang='grc'><strong>3)</strong></span> <span class='ocrx_word' id='word_1_85' title='bbox 1150 1364 1165 1434; x_wconf 98' lang='lat'>5</span> <span class='ocrx_word' id='word_1_86' title='bbox 1190 1361 1230 1420; x_wconf 87' lang='lat'><strong>89</strong></span> <span class='ocrx_word' id='word_1_87' title='bbox 1254 1351 1286 1422; x_wconf 80' lang='lat' dir='ltr'><strong>oi</strong></span> 
     </span>
     <span class='ocr_line' id='line_1_12' title="bbox 132 1445 1285 1550; baseline -0.001 -25"><span class='ocrx_word' id='word_1_88' title='bbox 132 1456 270 1550; x_wconf 88' lang='grc' dir='ltr'><strong><em>χρηστοί.</em></strong></span> <span class='ocrx_word' id='word_1_89' title='bbox 313 1462 344 1540; x_wconf 75' lang='lat' dir='ltr'><strong>t)</strong></span> <span class='ocrx_word' id='word_1_90' title='bbox 366 1463 436 1535; x_wconf 86' lang='lat'><strong>593</strong></span> <span class='ocrx_word' id='word_1_91' title='bbox 459 1452 493 1520; x_wconf 87' lang='grc' dir='ltr'><strong>τί</strong></span> <span class='ocrx_word' id='word_1_92' title='bbox 514 1445 630 1541; x_wconf 77' lang='grc' dir='ltr'><strong><em>γένοιτ’</em></strong></span> <span class='ocrx_word' id='word_1_93' title='bbox 652 1450 693 1520; x_wconf 78' lang='grc' dir='ltr'><strong>δν</strong></span> <span class='ocrx_word' id='word_1_94' title='bbox 711 1452 839 1540; x_wconf 78' lang='grc' dir='ltr'><strong>Ιαἴσχιον</strong></span> <span class='ocrx_word' id='word_1_95' title='bbox 859 1451 880 1545; x_wconf 75' lang='grc' dir='ltr'>ἢ</span> <span class='ocrx_word' id='word_1_96' title='bbox 900 1452 1112 1543; x_wconf 85' lang='grc' dir='ltr'><strong><em>μιαρώτερον,·</em></strong></span> <span class='ocrx_word' id='word_1_97' title='bbox 1134 1460 1166 1543; x_wconf 76' lang='grc'><strong>5)</strong></span> <span class='ocrx_word' id='word_1_98' title='bbox 1190 1463 1285 1536; x_wconf 89' lang='lat'>5106</span> 
     </span>
     <span class='ocr_line' id='line_1_13' title="bbox 134 1552 1288 1646; baseline -0.002 -18"><span class='ocrx_word' id='word_1_99' title='bbox 134 1560 190 1630; x_wconf 90' lang='grc' dir='ltr'><strong>τδν</strong></span> <span class='ocrx_word' id='word_1_100' title='bbox 210 1559 303 1628; x_wconf 88' lang='grc' dir='ltr'><strong><em>καλὸν</em></strong></span> <span class='ocrx_word' id='word_1_101' title='bbox 326 1554 509 1643; x_wconf 74' lang='grc' dir='ltr'><strong><em>κατάλογον.</em></strong></span> <span class='ocrx_word' id='word_1_102' title='bbox 560 1561 718 1644; x_wconf 77' lang='lat' dir='ltr'>b)5108</span> <span class='ocrx_word' id='word_1_103' title='bbox 747 1552 908 1643; x_wconf 80' lang='grc' dir='ltr'><strong><em>βάσκανον</em></strong></span> <span class='ocrx_word' id='word_1_104' title='bbox 936 1557 972 1624; x_wconf 81' lang='grc' dir='ltr'><strong>δὲ</strong></span> <span class='ocrx_word' id='word_1_105' title='bbox 999 1557 1056 1624; x_wconf 86' lang='grc' dir='ltr'><strong><em>καί</em></strong></span> <span class='ocrx_word' id='word_1_106' title='bbox 1087 1555 1206 1646; x_wconf 90' lang='grc' dir='ltr'><strong><em>πικρδν</em></strong></span> <span class='ocrx_word' id='word_1_107' title='bbox 1232 1557 1288 1626; x_wconf 81' lang='grc' dir='ltr'><strong><em>καί</em></strong></span> 
     </span>
     <span class='ocr_line' id='line_1_14' title="bbox 133 1651 1285 1750; baseline -0.005 -18"><span class='ocrx_word' id='word_1_108' title='bbox 133 1659 292 1750; x_wconf 69' lang='grc' dir='ltr'><strong><em>κακόηθες</em></strong></span> <span class='ocrx_word' id='word_1_109' title='bbox 313 1653 405 1727; x_wconf 81' lang='grc' dir='ltr'><strong><em>οόδὲν</em></strong></span> <span class='ocrx_word' id='word_1_110' title='bbox 426 1658 495 1724; x_wconf 76' lang='grc' dir='ltr'><strong><em>ἔστι</em></strong></span> <span class='ocrx_word' id='word_1_111' title='bbox 517 1651 690 1745; x_wconf 75' lang='grc' dir='ltr'><strong><em>πολίτευμ’</em></strong></span> <span class='ocrx_word' id='word_1_112' title='bbox 712 1659 789 1744; x_wconf 77' lang='grc' dir='ltr'><strong><em>ε’μδν</em></strong></span> <span class='ocrx_word' id='word_1_113' title='bbox 810 1653 883 1727; x_wconf 78' lang='grc' dir='ltr'><strong><em>οὐδὲ</em></strong></span> <span class='ocrx_word' id='word_1_114' title='bbox 904 1653 1100 1741; x_wconf 61' lang='grc' dir='ltr'><strong><em>ταπεινόν).</em></strong></span> <span class='ocrx_word' id='word_1_115' title='bbox 1145 1664 1176 1747; x_wconf 83' lang='grc'>1)</span> <span class='ocrx_word' id='word_1_116' title='bbox 1194 1667 1285 1740; x_wconf 90' lang='lat'>5111</span> 
     </span>
     <span class='ocr_line' id='line_1_15' title="bbox 133 1753 1289 1849; baseline -0.003 -15"><span class='ocrx_word' id='word_1_117' title='bbox 133 1753 222 1846; x_wconf 76' lang='grc' dir='ltr'><strong><em>οὗτος</em></strong></span> <span class='ocrx_word' id='word_1_118' title='bbox 243 1770 290 1849; x_wconf 86' lang='lat' dir='ltr'><strong>(sc.</strong></span> <span class='ocrx_word' id='word_1_119' title='bbox 311 1765 487 1844; x_wconf 84' lang='lat' dir='ltr'><strong>Aeschines)</strong></span> <span class='ocrx_word' id='word_1_120' title='bbox 509 1753 574 1827; x_wconf 78' lang='grc' dir='ltr'><strong><em>ίίνω</em></strong></span> <span class='ocrx_word' id='word_1_121' title='bbox 596 1760 652 1827; x_wconf 87' lang='grc' dir='ltr'><strong><em>καί</em></strong></span> <span class='ocrx_word' id='word_1_122' title='bbox 674 1758 762 1828; x_wconf 81' lang='grc' dir='ltr'><strong><em>κάτω</em></strong></span> <span class='ocrx_word' id='word_1_123' title='bbox 785 1763 953 1828; x_wconf 86' lang='grc' dir='ltr'><strong><em>διακυκῶν.</em></strong></span> <span class='ocrx_word' id='word_1_124' title='bbox 998 1768 1029 1844; x_wconf 82' lang='grc'><strong>8)</strong></span> <span class='ocrx_word' id='word_1_125' title='bbox 1053 1772 1069 1841; x_wconf 87' lang='lat'>5</span> <span class='ocrx_word' id='word_1_126' title='bbox 1094 1763 1153 1828; x_wconf 82' lang='lat'><strong>112</strong></span> <span class='ocrx_word' id='word_1_127' title='bbox 1183 1759 1233 1842; x_wconf 77' lang='grc' dir='ltr'><strong>εἰς</strong></span> <span class='ocrx_word' id='word_1_128' title='bbox 1252 1762 1289 1830; x_wconf 77' lang='grc' dir='ltr'><strong>δὲ</strong></span> 
     </span>
     <span class='ocr_line' id='line_1_16' title="bbox 130 1851 1288 1954; baseline -0.005 -18"><span class='ocrx_word' id='word_1_129' title='bbox 130 1868 205 1949; x_wconf 88' lang='grc' dir='ltr'><strong><em>τοδς</em></strong></span> <span class='ocrx_word' id='word_1_130' title='bbox 231 1860 430 1954; x_wconf 75' lang='grc' dir='ltr'><strong><em>συκοφάντας</em></strong></span> <span class='ocrx_word' id='word_1_131' title='bbox 459 1855 591 1950; x_wconf 55' lang='lat' dir='ltr'><strong>tyrim).</strong></span> <span class='ocrx_word' id='word_1_132' title='bbox 643 1867 675 1947; x_wconf 76' lang='grc'><strong>9)</strong></span> <span class='ocrx_word' id='word_1_133' title='bbox 708 1873 723 1944; x_wconf 91' lang='lat'>5</span> <span class='ocrx_word' id='word_1_134' title='bbox 753 1871 813 1930; x_wconf 92' lang='lat'><strong>113</strong></span> <span class='ocrx_word' id='word_1_135' title='bbox 843 1851 939 1945; x_wconf 80' lang='grc' dir='ltr'><strong><em>οὗτος</em></strong></span> <span class='ocrx_word' id='word_1_136' title='bbox 967 1867 1175 1951; x_wconf 76' lang='grc' dir='ltr'><strong><em>συκοφαντῶν</em></strong></span> <span class='ocrx_word' id='word_1_137' title='bbox 1203 1877 1233 1930; x_wconf 90' lang='lat' dir='ltr'><strong>et</strong></span> <span class='ocrx_word' id='word_1_138' title='bbox 1261 1857 1288 1931; x_wconf 80' lang='grc' dir='ltr'><strong><em>ὦ</em></strong></span> 
     </span>
     <span class='ocr_line' id='line_1_17' title="bbox 130 1959 1289 2059; baseline -0.006 -20"><span class='ocrx_word' id='word_1_139' title='bbox 130 1967 322 2059; x_wconf 80' lang='grc' dir='ltr'><strong><em>συκοφάντα.</em></strong></span> <span class='ocrx_word' id='word_1_140' title='bbox 367 1971 419 2052; x_wconf 80' lang='lat' dir='ltr'><strong>rt)</strong></span> <span class='ocrx_word' id='word_1_141' title='bbox 442 1974 536 2046; x_wconf 89' lang='lat'>5118</span> <span class='ocrx_word' id='word_1_142' title='bbox 558 1967 764 2054; x_wconf 78' lang='grc' dir='ltr'><strong><em>συκοφαντῶν</em></strong></span> <span class='ocrx_word' id='word_1_143' title='bbox 785 1963 970 2056; x_wconf 81' lang='grc' dir='ltr'><strong><em>φανήσεται.</em></strong></span> <span class='ocrx_word' id='word_1_144' title='bbox 1017 1969 1066 2054; x_wconf 94' lang='grc'><strong>11)</strong></span> <span class='ocrx_word' id='word_1_145' title='bbox 1089 1973 1187 2046; x_wconf 88' lang='lat'>5119</span> <span class='ocrx_word' id='word_1_146' title='bbox 1210 1959 1228 2033; x_wconf 87' lang='grc' dir='ltr'><strong><em>δ</em></strong></span> <span class='ocrx_word' id='word_1_147' title='bbox 1253 1966 1289 2033; x_wconf 77' lang='grc' dir='ltr'><strong>δὲ</strong></span> 
     </span>
     <span class='ocr_line' id='line_1_18' title="bbox 130 2061 1290 2160; baseline -0.003 -21"><span class='ocrx_word' id='word_1_148' title='bbox 130 2070 346 2160; x_wconf 80' lang='grc' dir='ltr'><strong><em>παμπόνηρος</em></strong></span> <span class='ocrx_word' id='word_1_149' title='bbox 367 2061 546 2157; x_wconf 74' lang='grc' dir='ltr'><strong><em>όνθρωπος</em></strong></span> <span class='ocrx_word' id='word_1_150' title='bbox 568 2067 623 2134; x_wconf 82' lang='grc' dir='ltr'><strong><em>καί</em></strong></span> <span class='ocrx_word' id='word_1_151' title='bbox 650 2071 743 2146; x_wconf 76' lang='grc' dir='ltr'><strong><em>θεοῖς</em></strong></span> <span class='ocrx_word' id='word_1_152' title='bbox 770 2067 887 2155; x_wconf 71' lang='grc' dir='ltr'><strong><em>ἐχθρὸς</em></strong></span> <span class='ocrx_word' id='word_1_153' title='bbox 914 2069 970 2136; x_wconf 88' lang='grc' dir='ltr'><strong><em>καί</em></strong></span> <span class='ocrx_word' id='word_1_154' title='bbox 998 2066 1158 2155; x_wconf 80' lang='grc' dir='ltr'><strong><em>βάσκανος</em></strong></span> <span class='ocrx_word' id='word_1_155' title='bbox 1187 2061 1290 2150; x_wconf 81' lang='grc' dir='ltr'><strong><em>όντως</em></strong></span> 
     </span>
     <span class='ocr_line' id='line_1_19' title="bbox 130 2162 1289 2259; baseline -0.001 -18"><span class='ocrx_word' id='word_1_156' title='bbox 130 2171 230 2255; x_wconf 88' lang='grc' dir='ltr'><strong><em>ποῖός</em></strong></span> <span class='ocrx_word' id='word_1_157' title='bbox 251 2198 302 2251; x_wconf 91' lang='grc' dir='ltr'><strong>τις</strong></span> <span class='ocrx_word' id='word_1_158' title='bbox 325 2165 363 2238; x_wconf 71' lang='grc' dir='ltr'><strong>ἂν</strong></span> <span class='ocrx_word' id='word_1_159' title='bbox 384 2167 433 2259; x_wconf 79' lang='grc' dir='ltr'><strong>τίη</strong></span> <span class='ocrx_word' id='word_1_160' title='bbox 456 2169 539 2258; x_wconf 85' lang='grc' dir='ltr'><strong><em>πρὸς</em></strong></span> <span class='ocrx_word' id='word_1_161' title='bbox 560 2172 665 2250; x_wconf 74' lang='grc' dir='ltr'><strong><em>θεῶνς</em></strong></span> <span class='ocrx_word' id='word_1_162' title='bbox 687 2162 746 2252; x_wconf 84' lang='grc' dir='ltr'><strong>οόχ</strong></span> <span class='ocrx_word' id='word_1_163' title='bbox 768 2163 961 2252; x_wconf 84' lang='grc' dir='ltr'><strong><em>δτοιοδτος;</em></strong></span> <span class='ocrx_word' id='word_1_164' title='bbox 987 2177 1035 2257; x_wconf 85' lang='lat'><strong>12)</strong></span> <span class='ocrx_word' id='word_1_165' title='bbox 1060 2179 1154 2252; x_wconf 83' lang='lat'>5120</span> <span class='ocrx_word' id='word_1_166' title='bbox 1177 2171 1289 2254; x_wconf 89' lang='grc' dir='ltr'><strong><em>σκαιδς</em></strong></span> 
     </span>
     <span class='ocr_line' id='line_1_20' title="bbox 133 2265 1288 2364; baseline -0.003 -19"><span class='ocrx_word' id='word_1_167' title='bbox 133 2271 236 2345; x_wconf 81' lang='grc' dir='ltr'><strong><em>εἶκαὶ</em></strong></span> <span class='ocrx_word' id='word_1_168' title='bbox 258 2267 470 2362; x_wconf 74' lang='grc' dir='ltr'><strong><em>α’ναίσδητος,</em></strong></span> <span class='ocrx_word' id='word_1_169' title='bbox 493 2270 644 2360; x_wconf 76' lang='grc' dir='ltr'><strong><em>Αἰσχίνη.</em></strong></span> <span class='ocrx_word' id='word_1_170' title='bbox 691 2279 741 2358; x_wconf 73' lang='grc'>13)</span> <span class='ocrx_word' id='word_1_171' title='bbox 767 2284 782 2353; x_wconf 93' lang='lat'>5</span> <span class='ocrx_word' id='word_1_172' title='bbox 808 2281 866 2339; x_wconf 88' lang='grc'><strong>121</strong></span> <span class='ocrx_word' id='word_1_173' title='bbox 890 2271 925 2340; x_wconf 86' lang='grc' dir='ltr'><strong>τί</strong></span> <span class='ocrx_word' id='word_1_174' title='bbox 947 2265 1012 2356; x_wconf 77' lang='grc' dir='ltr'><strong><em>οὖν,</em></strong></span> <span class='ocrx_word' id='word_1_175' title='bbox 1042 2265 1067 2341; x_wconf 84' lang='grc' dir='ltr'><strong>ὦ</strong></span> <span class='ocrx_word' id='word_1_176' title='bbox 1089 2272 1288 2364; x_wconf 86' lang='grc' dir='ltr'><strong><em>ταλαίπωρε,</em></strong></span> 
     </span>
     <span class='ocr_line' id='line_1_21' title="bbox 137 2370 1290 2467; baseline 0.001 -22"><span class='ocrx_word' id='word_1_177' title='bbox 137 2381 357 2466; x_wconf 74' lang='grc' dir='ltr'><strong><em>σοκοφαντεῖςς</em></strong></span> <span class='ocrx_word' id='word_1_178' title='bbox 389 2374 423 2443; x_wconf 87' lang='grc' dir='ltr'><strong>τί</strong></span> <span class='ocrx_word' id='word_1_179' title='bbox 445 2371 558 2461; x_wconf 77' lang='grc' dir='ltr'><strong><em>λόγους</em></strong></span> <span class='ocrx_word' id='word_1_180' title='bbox 585 2370 756 2456; x_wconf 84' lang='grc' dir='ltr'><strong><em>πλόττεις;</em></strong></span> <span class='ocrx_word' id='word_1_181' title='bbox 789 2373 822 2442; x_wconf 89' lang='grc' dir='ltr'><strong>τί</strong></span> <span class='ocrx_word' id='word_1_182' title='bbox 848 2373 966 2442; x_wconf 85' lang='grc' dir='ltr'><strong><em>σαυτόν</em></strong></span> <span class='ocrx_word' id='word_1_183' title='bbox 995 2371 1054 2442; x_wconf 79' lang='grc' dir='ltr'><strong>οὐκ</strong></span> <span class='ocrx_word' id='word_1_184' title='bbox 1080 2376 1290 2467; x_wconf 72' lang='grc' dir='ltr'><strong><em>ἐλλεβορίζεις</em></strong></span> 
     </span>
     <span class='ocr_line' id='line_1_22' title="bbox 134 2470 751 2560; baseline -0.008 -12"><span class='ocrx_word' id='word_1_185' title='bbox 134 2481 194 2548; x_wconf 84' lang='grc' dir='ltr'><strong><em>ε’πὶ</em></strong></span> <span class='ocrx_word' id='word_1_186' title='bbox 216 2476 356 2560; x_wconf 85' lang='grc' dir='ltr'><strong><em>τοότοις,·</em></strong></span> <span class='ocrx_word' id='word_1_187' title='bbox 378 2473 445 2543; x_wconf 84' lang='grc' dir='ltr'><strong><em>ἀλλ’</em></strong></span> <span class='ocrx_word' id='word_1_188' title='bbox 472 2470 541 2544; x_wconf 74' lang='grc' dir='ltr'><strong><em>οὐδ’</em></strong></span> <span class='ocrx_word' id='word_1_189' title='bbox 565 2473 751 2558; x_wconf 63' lang='grc' dir='ltr'><strong><em>αίσχόνειΰ).</em></strong></span> 
     </span>
    </p>

    <p class='ocr_par' dir='ltr' id='par_1_6' title="bbox 129 2583 1291 2753">
     <span class='ocr_line' id='line_1_23' title="bbox 213 2583 1291 2667; baseline 0 -19"><span class='ocrx_word' id='word_1_190' title='bbox 213 2587 251 2667; x_wconf 92' lang='grc' dir='ltr'><strong>Β)</strong></span> <span class='ocrx_word' id='word_1_191' title='bbox 270 2583 423 2664; x_wconf 84' lang='lat' dir='ltr'><strong>Exempla</strong></span> <span class='ocrx_word' id='word_1_192' title='bbox 438 2583 608 2644; x_wconf 79' lang='lat' dir='ltr'><strong>acerbitatis</strong></span> <span class='ocrx_word' id='word_1_193' title='bbox 623 2604 662 2645; x_wconf 87' lang='lat' dir='ltr'><strong>ex</strong></span> <span class='ocrx_word' id='word_1_194' title='bbox 679 2585 783 2645; x_wconf 81' lang='lat' dir='ltr'><strong>ceteris</strong></span> <span class='ocrx_word' id='word_1_195' title='bbox 797 2583 896 2647; x_wconf 86' lang='lat' dir='ltr'><strong>verbis</strong></span> <span class='ocrx_word' id='word_1_196' title='bbox 911 2584 1052 2645; x_wconf 89' lang='lat' dir='ltr'><strong>orationis</strong></span> <span class='ocrx_word' id='word_1_197' title='bbox 1063 2583 1291 2666; x_wconf 76' lang='lat' dir='ltr'><strong>Ctesiphonteae</strong></span> 
     </span>
     <span class='ocr_line' id='line_1_24' title="bbox 129 2691 263 2753; baseline 0 -1"><span class='ocrx_word' id='word_1_198' title='bbox 129 2691 263 2753; x_wconf 79' lang='lat' dir='ltr'><strong>collecta</strong></span> 
     </span>
    </p>

    <p class='ocr_par' dir='ltr' id='par_1_7' title="bbox 129 2775 1315 3284">
     <span class='ocr_line' id='line_1_25' title="bbox 216 2775 1292 2876; baseline 0.002 -25"><span class='ocrx_word' id='word_1_199' title='bbox 216 2794 268 2876; x_wconf 77' lang='grc'>14)</span> <span class='ocrx_word' id='word_1_200' title='bbox 292 2793 364 2868; x_wconf 85' lang='lat'><strong>511</strong></span> <span class='ocrx_word' id='word_1_201' title='bbox 388 2780 557 2874; x_wconf 75' lang='grc' dir='ltr'><strong><em>κακοήθης</em></strong></span> <span class='ocrx_word' id='word_1_202' title='bbox 578 2777 608 2850; x_wconf 79' lang='grc' dir='ltr'><strong>δ’</strong></span> <span class='ocrx_word' id='word_1_203' title='bbox 635 2775 686 2864; x_wconf 81' lang='grc' dir='ltr'><strong>ῶν,</strong></span> <span class='ocrx_word' id='word_1_204' title='bbox 709 2779 860 2872; x_wconf 76' lang='grc' dir='ltr'><strong><em>Αἰσχίνη,</em></strong></span> <span class='ocrx_word' id='word_1_205' title='bbox 884 2784 978 2849; x_wconf 76' lang='grc' dir='ltr'><strong><em>τοῦτο</em></strong></span> <span class='ocrx_word' id='word_1_206' title='bbox 994 2786 1163 2865; x_wconf 78' lang='grc' dir='ltr'><strong><em>παντελῶς</em></strong></span> <span class='ocrx_word' id='word_1_207' title='bbox 1176 2776 1292 2876; x_wconf 73' lang='grc' dir='ltr'><strong><em>είηθες</em></strong></span> 
     </span>
     <span class='ocr_line' id='line_1_26' title="bbox 130 2879 1291 2983; baseline 0 -26"><span class='ocrx_word' id='word_1_208' title='bbox 130 2885 254 2983; x_wconf 71' lang='grc' dir='ltr'><strong><em>ᾠήθης.</em></strong></span> <span class='ocrx_word' id='word_1_209' title='bbox 301 2893 350 2974; x_wconf 82' lang='grc'>15)</span> <span class='ocrx_word' id='word_1_210' title='bbox 375 2898 391 2968; x_wconf 91' lang='lat'>5</span> <span class='ocrx_word' id='word_1_211' title='bbox 415 2895 452 2952; x_wconf 84' lang='lat'><strong>21</strong></span> <span class='ocrx_word' id='word_1_212' title='bbox 477 2880 544 2954; x_wconf 75' lang='grc' dir='ltr'><strong><em>οὐδ’</em></strong></span> <span class='ocrx_word' id='word_1_213' title='bbox 568 2879 605 2951; x_wconf 74' lang='lat' dir='ltr'><strong>tv</strong></span> <span class='ocrx_word' id='word_1_214' title='bbox 628 2882 667 2952; x_wconf 88' lang='grc' dir='ltr'><strong>σδ</strong></span> <span class='ocrx_word' id='word_1_215' title='bbox 692 2887 865 2974; x_wconf 74' lang='grc' dir='ltr'><strong><em>διαρραγῇς</em></strong></span> <span class='ocrx_word' id='word_1_216' title='bbox 888 2883 1097 2974; x_wconf 82' lang='grc' dir='ltr'><strong><em>ψευδόμενος.</em></strong></span> <span class='ocrx_word' id='word_1_217' title='bbox 1144 2892 1193 2975; x_wconf 76' lang='lat' dir='ltr'><strong>lt)</strong></span> <span class='ocrx_word' id='word_1_218' title='bbox 1218 2897 1291 2969; x_wconf 83' lang='lat'><strong>522</strong></span> 
     </span>
     <span class='ocr_line' id='line_1_27' title="bbox 130 2977 1294 3080; baseline -0.004 -18"><span class='ocrx_word' id='word_1_219' title='bbox 130 2992 178 3074; x_wconf 84' lang='grc' dir='ltr'><strong>εἰς</strong></span> <span class='ocrx_word' id='word_1_220' title='bbox 197 2987 294 3061; x_wconf 75' lang='grc' dir='ltr'><strong><em>τοῦθ’</em></strong></span> <span class='ocrx_word' id='word_1_221' title='bbox 315 2977 391 3080; x_wconf 74' lang='grc' dir='ltr'><strong><em>ἧκεν</em></strong></span> <span class='ocrx_word' id='word_1_222' title='bbox 412 2979 585 3068; x_wconf 83' lang='grc' dir='ltr'><strong><em>οίναιδείας.</em></strong></span> <span class='ocrx_word' id='word_1_223' title='bbox 633 2992 680 3074; x_wconf 74' lang='lat' dir='ltr'><strong>ti)</strong></span> <span class='ocrx_word' id='word_1_224' title='bbox 704 2999 720 3068; x_wconf 92' lang='lat'>5</span> <span class='ocrx_word' id='word_1_225' title='bbox 746 2996 785 3054; x_wconf 88' lang='lat'><strong>30</strong></span> <span class='ocrx_word' id='word_1_226' title='bbox 813 2986 844 3055; x_wconf 85' lang='lat' dir='ltr'><strong>oi</strong></span> <span class='ocrx_word' id='word_1_227' title='bbox 869 2986 1008 3078; x_wconf 84' lang='grc' dir='ltr'><strong><em>χρηστοί.</em></strong></span> <span class='ocrx_word' id='word_1_228' title='bbox 1061 2997 1108 3072; x_wconf 84' lang='grc'>18)</span> <span class='ocrx_word' id='word_1_229' title='bbox 1131 3000 1146 3070; x_wconf 98' lang='lat'>5</span> <span class='ocrx_word' id='word_1_230' title='bbox 1170 2997 1210 3057; x_wconf 89' lang='lat'><strong>33</strong></span> <span class='ocrx_word' id='word_1_231' title='bbox 1238 2991 1294 3059; x_wconf 88' lang='grc' dir='ltr'><strong>τὸν</strong></span> 
     </span>
     <span class='ocr_line' id='line_1_28' title="bbox 130 3081 1315 3180; baseline -0.005 -15"><span class='ocrx_word' id='word_1_232' title='bbox 130 3092 364 3164; x_wconf 78' lang='grc' dir='ltr'><strong><em>κατάπτυστον</em></strong></span> <span class='ocrx_word' id='word_1_233' title='bbox 384 3088 518 3158; x_wconf 91' lang='grc' dir='ltr'><strong><em>τουτονί.</em></strong></span> <span class='ocrx_word' id='word_1_234' title='bbox 565 3098 613 3172; x_wconf 77' lang='lat' dir='ltr'><strong>ts)</strong></span> <span class='ocrx_word' id='word_1_235' title='bbox 638 3099 708 3170; x_wconf 77' lang='lat'><strong>541</strong></span> <span class='ocrx_word' id='word_1_236' title='bbox 733 3089 917 3179; x_wconf 77' lang='grc' dir='ltr'><strong><em>φενακίσας.</em></strong></span> <span class='ocrx_word' id='word_1_237' title='bbox 961 3095 1014 3180; x_wconf 78' lang='lat'><strong>20)</strong></span> <span class='ocrx_word' id='word_1_238' title='bbox 1037 3099 1106 3172; x_wconf 91' lang='lat'><strong>550</strong></span> <span class='ocrx_word' id='word_1_239' title='bbox 1130 3081 1222 3174; x_wconf 70' lang='grc' dir='ltr'><strong><em>οὗτος</em></strong></span> <span class='ocrx_word' id='word_1_240' title='bbox 1241 3099 1315 3178; x_wconf 70' lang='grc' dir='ltr'><strong>(οε.Δ</strong></span> 
     </span>
     <span class='ocr_line' id='line_1_29' title="bbox 129 3187 1295 3284; baseline -0.001 -19"><span class='ocrx_word' id='word_1_241' title='bbox 129 3201 308 3281; x_wconf 83' lang='lat' dir='ltr'><strong>Aeschines)</strong></span> <span class='ocrx_word' id='word_1_242' title='bbox 332 3187 442 3281; x_wconf 83' lang='grc' dir='ltr'><strong><em>ῶσπερ</em></strong></span> <span class='ocrx_word' id='word_1_243' title='bbox 465 3189 681 3279; x_wconf 78' lang='grc' dir='ltr'><strong><em>ἑωλοκρασίαν</em></strong></span> <span class='ocrx_word' id='word_1_244' title='bbox 694 3191 766 3260; x_wconf 84' lang='grc' dir='ltr'><strong><em>τινά</em></strong></span> <span class='ocrx_word' id='word_1_245' title='bbox 789 3217 850 3278; x_wconf 86' lang='grc' dir='ltr'><strong>μου</strong></span> <span class='ocrx_word' id='word_1_246' title='bbox 864 3199 921 3284; x_wconf 78' lang='grc' dir='ltr'><strong>τῆς</strong></span> <span class='ocrx_word' id='word_1_247' title='bbox 935 3192 1095 3282; x_wconf 88' lang='grc' dir='ltr'><strong><em>πονηρίας</em></strong></span> <span class='ocrx_word' id='word_1_248' title='bbox 1113 3200 1168 3284; x_wconf 76' lang='grc' dir='ltr'><strong>τῆς</strong></span> <span class='ocrx_word' id='word_1_249' title='bbox 1181 3191 1295 3263; x_wconf 77' lang='grc' dir='ltr'><strong><em>ἑαυτοῦ</em></strong></span> 
     </span>
    </p>

    <p class='ocr_par' dir='ltr' id='par_1_8' title="bbox 129 3333 1296 4108">
     <span class='ocr_line' id='line_1_30' title="bbox 197 3333 1294 3410; baseline -0.005 -14"><span class='ocrx_word' id='word_1_250' title='bbox 197 3343 224 3410; x_wconf 94' lang='grc'>1)</span> <span class='ocrx_word' id='word_1_251' title='bbox 243 3341 273 3394; x_wconf 94' lang='grc' dir='ltr'><strong>Ρ.</strong></span> <span class='ocrx_word' id='word_1_252' title='bbox 292 3340 334 3392; x_wconf 82' lang='grc'><strong>83.</strong></span> <span class='ocrx_word' id='word_1_253' title='bbox 354 3335 483 3390; x_wconf 79' lang='lat' dir='ltr'><strong>Ceterum</strong></span> <span class='ocrx_word' id='word_1_254' title='bbox 508 3333 542 3387; x_wconf 88' lang='lat' dir='ltr'><strong>de</strong></span> <span class='ocrx_word' id='word_1_255' title='bbox 561 3334 752 3400; x_wconf 86' lang='lat' dir='ltr'><strong>„vehementia</strong></span> <span class='ocrx_word' id='word_1_256' title='bbox 771 3335 940 3402; x_wconf 86' lang='lat' dir='ltr'><strong>crationis“‚</strong></span> <span class='ocrx_word' id='word_1_257' title='bbox 967 3335 1043 3387; x_wconf 90' lang='lat' dir='ltr'><strong>nulla</strong></span> <span class='ocrx_word' id='word_1_258' title='bbox 1065 3338 1147 3402; x_wconf 86' lang='lat' dir='ltr'><strong>parte</strong></span> <span class='ocrx_word' id='word_1_259' title='bbox 1170 3341 1294 3406; x_wconf 84' lang='lat' dir='ltr'><strong>excepta,</strong></span> 
     </span>
     <span class='ocr_line' id='line_1_31' title="bbox 133 3421 1294 3492; baseline -0.004 -7"><span class='ocrx_word' id='word_1_260' title='bbox 133 3429 205 3484; x_wconf 83' lang='lat' dir='ltr'><strong>dixit</strong></span> <span class='ocrx_word' id='word_1_261' title='bbox 223 3428 340 3492; x_wconf 75' lang='lat' dir='ltr'><strong>Becher,</strong></span> <span class='ocrx_word' id='word_1_262' title='bbox 359 3422 462 3477; x_wconf 86' lang='lat' dir='ltr'><strong>introd.</strong></span> <span class='ocrx_word' id='word_1_263' title='bbox 480 3422 545 3474; x_wconf 88' lang='lat' dir='ltr'><strong>hist.</strong></span> <span class='ocrx_word' id='word_1_264' title='bbox 564 3423 592 3474; x_wconf 94' lang='lat' dir='ltr'><strong>in</strong></span> <span class='ocrx_word' id='word_1_265' title='bbox 610 3421 688 3475; x_wconf 90' lang='lat' dir='ltr'><strong>Dem.</strong></span> <span class='ocrx_word' id='word_1_266' title='bbox 708 3437 747 3476; x_wconf 87' lang='lat' dir='ltr'><strong>or.</strong></span> <span class='ocrx_word' id='word_1_267' title='bbox 768 3422 802 3475; x_wconf 89' lang='lat' dir='ltr'><strong>de</strong></span> <span class='ocrx_word' id='word_1_268' title='bbox 821 3439 886 3489; x_wconf 79' lang='lat' dir='ltr'><strong>con,</strong></span> <span class='ocrx_word' id='word_1_269' title='bbox 905 3439 932 3490; x_wconf 85' lang='lat' dir='ltr'><strong>p.</strong></span> <span class='ocrx_word' id='word_1_270' title='bbox 951 3423 993 3476; x_wconf 85' lang='lat'><strong>41.</strong></span> <span class='ocrx_word' id='word_1_271' title='bbox 1059 3421 1086 3490; x_wconf 78' lang='lat'><strong>2)</strong></span> <span class='ocrx_word' id='word_1_272' title='bbox 1105 3423 1134 3476; x_wconf 90' lang='grc' dir='ltr'><strong>Ρ.</strong></span> <span class='ocrx_word' id='word_1_273' title='bbox 1152 3426 1187 3476; x_wconf 83' lang='grc'><strong>84</strong></span> <span class='ocrx_word' id='word_1_274' title='bbox 1205 3427 1234 3479; x_wconf 88' lang='lat' dir='ltr'><strong>et</strong></span> <span class='ocrx_word' id='word_1_275' title='bbox 1251 3426 1294 3480; x_wconf 82' lang='lat'><strong>85.</strong></span> 
     </span>
     <span class='ocr_line' id='line_1_32' title="bbox 133 3509 1294 3584; baseline -0.003 -14"><span class='ocrx_word' id='word_1_276' title='bbox 133 3517 158 3584; x_wconf 81' lang='grc'><strong>3)</strong></span> <span class='ocrx_word' id='word_1_277' title='bbox 175 3516 225 3572; x_wconf 88' lang='lat' dir='ltr'><strong>Ad</strong></span> <span class='ocrx_word' id='word_1_278' title='bbox 244 3513 348 3580; x_wconf 86' lang='lat' dir='ltr'><strong>totam,</strong></span> <span class='ocrx_word' id='word_1_279' title='bbox 375 3510 486 3579; x_wconf 89' lang='lat' dir='ltr'><strong>opinor,</strong></span> <span class='ocrx_word' id='word_1_280' title='bbox 506 3510 659 3563; x_wconf 89' lang='lat' dir='ltr'><strong>oraticnem</strong></span> <span class='ocrx_word' id='word_1_281' title='bbox 685 3527 716 3563; x_wconf 85' lang='lat' dir='ltr'><strong>ee</strong></span> <span class='ocrx_word' id='word_1_282' title='bbox 735 3510 892 3578; x_wconf 86' lang='lat' dir='ltr'><strong>pertinent,</strong></span> <span class='ocrx_word' id='word_1_283' title='bbox 917 3526 986 3576; x_wconf 87' lang='lat' dir='ltr'><strong>quae</strong></span> <span class='ocrx_word' id='word_1_284' title='bbox 1005 3509 1149 3578; x_wconf 88' lang='lat' dir='ltr'><strong>Sauppeus</strong></span> <span class='ocrx_word' id='word_1_285' title='bbox 1175 3511 1209 3565; x_wconf 89' lang='lat' dir='ltr'><strong>de</strong></span> <span class='ocrx_word' id='word_1_286' title='bbox 1227 3512 1243 3582; x_wconf 77' lang='lat'>5</span> <span class='ocrx_word' id='word_1_287' title='bbox 1260 3515 1294 3566; x_wconf 88' lang='grc'>41</span> 
     </span>
     <span class='ocr_line' id='line_1_33' title="bbox 130 3587 1294 3674; baseline -0.004 -15"><span class='ocrx_word' id='word_1_288' title='bbox 130 3603 207 3674; x_wconf 77' lang='lat' dir='ltr'><strong>hanc</strong></span> <span class='ocrx_word' id='word_1_289' title='bbox 226 3603 257 3656; x_wconf 91' lang='lat' dir='ltr'><strong>in</strong></span> <span class='ocrx_word' id='word_1_290' title='bbox 274 3599 388 3654; x_wconf 91' lang='lat' dir='ltr'><strong>modurn</strong></span> <span class='ocrx_word' id='word_1_291' title='bbox 409 3597 493 3651; x_wconf 84' lang='lat' dir='ltr'><strong>dixit:</strong></span> <span class='ocrx_word' id='word_1_292' title='bbox 522 3597 738 3664; x_wconf 85' lang='lat' dir='ltr'><strong>„Demosthenes</strong></span> <span class='ocrx_word' id='word_1_293' title='bbox 763 3598 837 3650; x_wconf 89' lang='lat' dir='ltr'><strong>kann</strong></span> <span class='ocrx_word' id='word_1_294' title='bbox 862 3613 914 3650; x_wconf 87' lang='lat' dir='ltr'><strong>vor</strong></span> <span class='ocrx_word' id='word_1_295' title='bbox 939 3597 1073 3666; x_wconf 83' lang='lat' dir='ltr'><strong>Ingrimm</strong></span> <span class='ocrx_word' id='word_1_296' title='bbox 1096 3596 1180 3650; x_wconf 85' lang='lat' dir='ltr'><strong>heum</strong></span> <span class='ocrx_word' id='word_1_297' title='bbox 1197 3587 1294 3654; x_wconf 85' lang='lat' dir='ltr'><strong>Wortc</strong></span> 
     </span>
     <span class='ocr_line' id='line_1_34' title="bbox 129 3683 1295 3746; baseline -0.003 0"><span class='ocrx_word' id='word_1_298' title='bbox 129 3691 238 3746; x_wconf 88' lang='lat' dir='ltr'><strong>finden.</strong></span> <span class='ocrx_word' id='word_1_299' title='bbox 276 3687 357 3742; x_wconf 85' lang='lat' dir='ltr'><strong>Scine</strong></span> <span class='ocrx_word' id='word_1_300' title='bbox 375 3684 572 3739; x_wconf 87' lang='lat' dir='ltr'><strong>Leidenechaft</strong></span> <span class='ocrx_word' id='word_1_301' title='bbox 596 3686 633 3738; x_wconf 91' lang='lat' dir='ltr'><strong>ist</strong></span> <span class='ocrx_word' id='word_1_302' title='bbox 650 3686 680 3737; x_wconf 92' lang='lat' dir='ltr'><strong>in</strong></span> <span class='ocrx_word' id='word_1_303' title='bbox 698 3684 788 3738; x_wconf 88' lang='lat' dir='ltr'><strong>dieser</strong></span> <span class='ocrx_word' id='word_1_304' title='bbox 806 3684 884 3738; x_wconf 88' lang='lat' dir='ltr'><strong>Rede</strong></span> <span class='ocrx_word' id='word_1_305' title='bbox 906 3683 1056 3739; x_wconf 86' lang='lat' dir='ltr'><strong>bescnders</strong></span> <span class='ocrx_word' id='word_1_306' title='bbox 1076 3703 1109 3738; x_wconf 83' lang='lat' dir='ltr'><strong>zu</strong></span> <span class='ocrx_word' id='word_1_307' title='bbox 1128 3686 1295 3743; x_wconf 88' lang='lat' dir='ltr'><strong>erkennen“.</strong></span> 
     </span>
     <span class='ocr_line' id='line_1_35' title="bbox 131 3772 1294 3846; baseline -0.002 -14"><span class='ocrx_word' id='word_1_308' title='bbox 131 3776 224 3846; x_wconf 75' lang='lat' dir='ltr'><strong>Quam</strong></span> <span class='ocrx_word' id='word_1_309' title='bbox 242 3792 310 3830; x_wconf 85' lang='lat' dir='ltr'><strong>vere</strong></span> <span class='ocrx_word' id='word_1_310' title='bbox 328 3772 440 3827; x_wconf 85' lang='lat' dir='ltr'><strong>difficile</strong></span> <span class='ocrx_word' id='word_1_311' title='bbox 458 3773 543 3826; x_wconf 89' lang='lat' dir='ltr'><strong>fuerit</strong></span> <span class='ocrx_word' id='word_1_312' title='bbox 555 3772 736 3826; x_wconf 86' lang='lat' dir='ltr'><strong>Demostheni</strong></span> <span class='ocrx_word' id='word_1_313' title='bbox 754 3772 838 3825; x_wconf 86' lang='lat' dir='ltr'><strong>animi</strong></span> <span class='ocrx_word' id='word_1_314' title='bbox 857 3773 1010 3825; x_wconf 80' lang='lat' dir='ltr'><strong>acerbitate</strong></span> <span class='ocrx_word' id='word_1_315' title='bbox 1023 3774 1134 3828; x_wconf 88' lang='lat' dir='ltr'><strong>omnino</strong></span> <span class='ocrx_word' id='word_1_316' title='bbox 1147 3775 1294 3844; x_wconf 86' lang='lat' dir='ltr'><strong>abstinere,</strong></span> 
     </span>
     <span class='ocr_line' id='line_1_36' title="bbox 131 3858 1295 3934; baseline -0.002 -14"><span class='ocrx_word' id='word_1_317' title='bbox 131 3885 166 3920; x_wconf 88' lang='lat' dir='ltr'><strong>ex</strong></span> <span class='ocrx_word' id='word_1_318' title='bbox 179 3864 278 3920; x_wconf 89' lang='lat' dir='ltr'><strong>Photii</strong></span> <span class='ocrx_word' id='word_1_319' title='bbox 291 3861 391 3928; x_wconf 85' lang='lat' dir='ltr'><strong>verbis,</strong></span> <span class='ocrx_word' id='word_1_320' title='bbox 404 3862 480 3927; x_wconf 65' lang='lat' dir='ltr'><strong>bibl„</strong></span> <span class='ocrx_word' id='word_1_321' title='bbox 493 3879 521 3929; x_wconf 90' lang='lat' dir='ltr'><strong>p.</strong></span> <span class='ocrx_word' id='word_1_322' title='bbox 534 3863 585 3914; x_wconf 80' lang='lat'><strong>492</strong></span> <span class='ocrx_word' id='word_1_323' title='bbox 600 3860 678 3926; x_wconf 86' lang='lat' dir='ltr'><strong>Bek.‚</strong></span> <span class='ocrx_word' id='word_1_324' title='bbox 698 3859 817 3927; x_wconf 85' lang='lat' dir='ltr'><strong>intelligi</strong></span> <span class='ocrx_word' id='word_1_325' title='bbox 829 3858 897 3912; x_wconf 91' lang='lat' dir='ltr'><strong>mihi</strong></span> <span class='ocrx_word' id='word_1_326' title='bbox 909 3858 1020 3912; x_wconf 88' lang='lat' dir='ltr'><strong>videtur</strong></span> <span class='ocrx_word' id='word_1_327' title='bbox 1030 3876 1120 3928; x_wconf 83' lang='lat' dir='ltr'><strong>posse.</strong></span> <span class='ocrx_word' id='word_1_328' title='bbox 1157 3863 1187 3934; x_wconf 92' lang='grc'><strong>4)</strong></span> <span class='ocrx_word' id='word_1_329' title='bbox 1207 3863 1295 3933; x_wconf 81' lang='lat' dir='ltr'><strong>Dem,</strong></span> 
     </span>
     <span class='ocr_line' id='line_1_37' title="bbox 131 3945 1295 4018; baseline -0.001 -12"><span class='ocrx_word' id='word_1_330' title='bbox 131 3970 197 4006; x_wconf 85' lang='lat' dir='ltr'><strong>cum</strong></span> <span class='ocrx_word' id='word_1_331' title='bbox 218 3951 288 4002; x_wconf 87' lang='lat' dir='ltr'><strong>haec</strong></span> <span class='ocrx_word' id='word_1_332' title='bbox 307 3948 425 4015; x_wconf 87' lang='lat' dir='ltr'><strong>diceret,</strong></span> <span class='ocrx_word' id='word_1_333' title='bbox 450 3953 592 4018; x_wconf 85' lang='lat' dir='ltr'><strong>tamquam</strong></span> <span class='ocrx_word' id='word_1_334' title='bbox 614 3948 731 4016; x_wconf 86' lang='lat' dir='ltr'><strong>digitum</strong></span> <span class='ocrx_word' id='word_1_335' title='bbox 754 3945 876 3999; x_wconf 87' lang='lat' dir='ltr'><strong>intendit</strong></span> <span class='ocrx_word' id='word_1_336' title='bbox 900 3946 936 3999; x_wconf 88' lang='lat' dir='ltr'><strong>ad</strong></span> <span class='ocrx_word' id='word_1_337' title='bbox 955 3948 1122 4013; x_wconf 85' lang='lat' dir='ltr'><strong>pravitatem</strong></span> <span class='ocrx_word' id='word_1_338' title='bbox 1142 3948 1295 4006; x_wconf 86' lang='lat' dir='ltr'><strong>Aeschinis.</strong></span> 
     </span>
     <span class='ocr_line' id='line_1_38' title="bbox 132 4033 1296 4108; baseline -0.002 -14"><span class='ocrx_word' id='word_1_339' title='bbox 132 4041 160 4108; x_wconf 82' lang='lat' dir='ltr'><strong>b)</strong></span> <span class='ocrx_word' id='word_1_340' title='bbox 180 4039 262 4091; x_wconf 87' lang='lat' dir='ltr'><strong>Dem.</strong></span> <span class='ocrx_word' id='word_1_341' title='bbox 283 4035 317 4088; x_wconf 87' lang='lat' dir='ltr'><strong>de</strong></span> <span class='ocrx_word' id='word_1_342' title='bbox 336 4036 435 4089; x_wconf 88' lang='lat' dir='ltr'><strong>Aescb.</strong></span> <span class='ocrx_word' id='word_1_343' title='bbox 452 4037 540 4089; x_wconf 82' lang='lat' dir='ltr'><strong>voluit</strong></span> <span class='ocrx_word' id='word_1_344' title='bbox 560 4035 685 4105; x_wconf 84' lang='lat' dir='ltr'><strong>cogitari.</strong></span> <span class='ocrx_word' id='word_1_345' title='bbox 756 4035 784 4100; x_wconf 82' lang='grc'><strong>6)</strong></span> <span class='ocrx_word' id='word_1_346' title='bbox 804 4033 900 4086; x_wconf 84' lang='lat' dir='ltr'><strong>Potest</strong></span> <span class='ocrx_word' id='word_1_347' title='bbox 922 4035 1012 4102; x_wconf 86' lang='lat' dir='ltr'><strong>ipsum</strong></span> <span class='ocrx_word' id='word_1_348' title='bbox 1030 4034 1174 4090; x_wconf 78' lang='lat' dir='ltr'><strong>Aeschinis</strong></span> <span class='ocrx_word' id='word_1_349' title='bbox 1195 4055 1296 4092; x_wconf 86' lang='lat' dir='ltr'><strong>nomen</strong></span> 
     </span>
    </p>
   </div>
   <div class='ocr_carea' id='block_1_3' title="bbox 130 4122 1297 4295">
    <p class='ocr_par' dir='ltr' id='par_1_9' title="bbox 130 4122 1297 4295">
     <span class='ocr_line' id='line_1_39' title="bbox 130 4122 1297 4195; baseline 0.002 -15"><span class='ocrx_word' id='word_1_350' title='bbox 130 4127 225 4180; x_wconf 86' lang='lat' dir='ltr'><strong>videri</strong></span> <span class='ocrx_word' id='word_1_351' title='bbox 244 4129 369 4178; x_wconf 86' lang='lat' dir='ltr'><strong>extrema</strong></span> <span class='ocrx_word' id='word_1_352' title='bbox 386 4128 467 4191; x_wconf 87' lang='lat' dir='ltr'><strong>parts</strong></span> <span class='ocrx_word' id='word_1_353' title='bbox 485 4123 565 4177; x_wconf 84' lang='lat' dir='ltr'><strong>huius</strong></span> <span class='ocrx_word' id='word_1_354' title='bbox 585 4122 739 4176; x_wconf 84' lang='lat' dir='ltr'><strong>sententiae</strong></span> <span class='ocrx_word' id='word_1_355' title='bbox 757 4122 918 4191; x_wconf 79' lang='lat' dir='ltr'><strong>perstringi,</strong></span> <span class='ocrx_word' id='word_1_356' title='bbox 943 4123 1063 4177; x_wconf 85' lang='lat' dir='ltr'><strong>maxime</strong></span> <span class='ocrx_word' id='word_1_357' title='bbox 1081 4127 1105 4179; x_wconf 90' lang='lat' dir='ltr'><strong>si</strong></span> <span class='ocrx_word' id='word_1_358' title='bbox 1123 4129 1183 4195; x_wconf 89' lang='lat' dir='ltr'><strong>quis</strong></span> <span class='ocrx_word' id='word_1_359' title='bbox 1201 4143 1254 4195; x_wconf 87' lang='lat' dir='ltr'><strong>pro</strong></span> <span class='ocrx_word' id='word_1_360' title='bbox 1273 4143 1297 4182; x_wconf 78' lang='lat' dir='ltr'><strong>st</strong></span> 
     </span>
     <span class='ocr_line' id='line_1_40' title="bbox 131 4209 1112 4295; baseline -0.001 -28"><span class='ocrx_word' id='word_1_361' title='bbox 131 4214 225 4269; x_wconf 88' lang='lat' dir='ltr'><strong>literis</strong></span> <span class='ocrx_word' id='word_1_362' title='bbox 245 4213 322 4266; x_wconf 86' lang='lat' dir='ltr'><strong>dicat</strong></span> <span class='ocrx_word' id='word_1_363' title='bbox 339 4229 364 4282; x_wconf 84' lang='grc' dir='ltr'><strong>η,</strong></span> <span class='ocrx_word' id='word_1_364' title='bbox 382 4211 411 4264; x_wconf 89' lang='lat' dir='ltr'><strong>id</strong></span> <span class='ocrx_word' id='word_1_365' title='bbox 429 4211 504 4279; x_wconf 88' lang='lat' dir='ltr'><strong>qued</strong></span> <span class='ocrx_word' id='word_1_366' title='bbox 523 4210 643 4264; x_wconf 86' lang='lat' dir='ltr'><strong>Blessius</strong></span> <span class='ocrx_word' id='word_1_367' title='bbox 661 4209 691 4261; x_wconf 91' lang='lat' dir='ltr'><strong>in</strong></span> <span class='ocrx_word' id='word_1_368' title='bbox 709 4209 792 4263; x_wconf 88' lang='lat' dir='ltr'><strong>Dind.</strong></span> <span class='ocrx_word' id='word_1_369' title='bbox 812 4209 855 4262; x_wconf 90' lang='lat' dir='ltr'><strong>ed.</strong></span> <span class='ocrx_word' id='word_1_370' title='bbox 875 4214 974 4295; x_wconf 77' lang='lat' dir='ltr'><strong>quarta</strong></span> <span class='ocrx_word' id='word_1_371' title='bbox 992 4211 1112 4278; x_wconf 82' lang='lat' dir='ltr'><strong>scripsit.</strong></span> 
     </span>
    </p>
   </div>
   <div class='ocr_carea' id='block_1_4' title="bbox 1053 4317 1070 4370">
    <p class='ocr_par' dir='ltr' id='par_1_10' title="bbox 1053 4317 1070 4370">
     <span class='ocr_line' id='line_1_41' title="bbox 1053 4317 1070 4370; baseline 0 0"><span class='ocrx_word' id='word_1_372' title='bbox 1053 4317 1070 4370; x_wconf 85' lang='lat'>2</span> 
     </span>
    </p>
   </div>
   <div class='ocr_carea' id='block_1_5' title="bbox 0 0 1517 4826">
    <p class='ocr_par' dir='ltr' id='par_1_11' title="bbox 0 0 1517 4826">
     <span class='ocr_line' id='line_1_42' title="bbox 0 0 1517 4826; baseline 0 0"><span class='ocrx_word' id='word_1_373' title='bbox 0 0 1517 4826; x_wconf 95' lang='lat' dir='ltr'><strong> </strong></span> 
     </span>
    </p>
   </div>
  </div>
 </body>
</html>
