2998 4826
739 407 917 492 ’.30-

514 599 543 662 7.
571 597 620 662 De
642 600 916 683 argumentatione
938 601 1089 664 orationis
1112 600 1146 664 L

335 756 532 827 Apollodorus
545 757 691 827 Polyclem
704 752 989 830 ἐπιτριηραρχήματος
1003 758 1115 812 actione
1134 759 1161 812 in
1179 759 1423 825 1555555555511)

243 859 351 933 ltaque
371 864 502 933 scriptori
521 865 657 920 orationis
676 867 708 924 L.
727 871 794 922 ante
815 867 908 920 omnia
928 865 1178 920 demonstrandum
1198 870 1243 920 est
1261 865 1420 936 Polyclem,

239 982 302 1024 non
313 970 553 1040 syntrierarohum
564 971 624 1026 eius
638 972 681 1041 (33
691 972 726 1026 37
741 976 862 1042 prome),
878 973 983 1027 actoris
996 973 1024 1026 in
1042 972 1207 1028 trierarchia
1221 989 1420 1056 successorem

238 1078 432 1132 constitutum
451 1076 548 1133 fuisse.
580 1079 661 1144 Quod
675 1095 845 1148 quamquem
864 1095 1002 1148 nusquam
1016 1079 1166 1149 probatum
1186 1079 1302 1148 legitur,
1322 1084 1419 1134 tamen

238 1199 301 1238 uon
321 1184 509 1239 dubitandum
533 1185 647 1240 videtur
673 1203 751 1256 esse,
776 1187 843 1256 quin
866 1202 913 1242 res
937 1187 978 1241 ito
1004 1203 1035 1241 se
1060 1185 1205 1254 habeare).
1244 1186 1319 1250 Quid
1345 1187 1419 1241 enim

238 1293 347 1361 petivit
366 1292 560 1362 Apollodorus
579 1293 745 1363 Polyclem?

333 1399 439 1454 Narrat
467 1406 562 1454 autern
589 1400 708 1468 primum
732 1407 829 1456 orator
852 1401 1077 1470 testimoniisque
1103 1400 1252 1456 coufirmat
1270 1402 1418 1471 Polyclem

239 1521 338 1574 neque
358 1521 409 1560 suo
424 1509 560 1574 tempore,
579 1511 611 1561 ut
624 1506 662 1560 ad
673 1524 773 1562 munus
786 1507 932 1563 trierarchi
945 1507 1106 1574 accederet,
1119 1507 1242 1562 Athenis
1255 1506 1418 1576 profectum

239 1630 309 1669 esse
330 1615 373 1684 (33
387 1613 502 1683 14-18)
515 1631 617 1684 neque,
630 1631 693 1669 cum
705 1615 732 1668 in
747 1631 825 1670 oram
838 1613 1004 1669 Tlnacicsm
1017 1588 1191 1683 advenisset,
1204 1631 1308 1669 navem
1321 1633 1416 1672 susce-

240 1721 322 1790 pisse
349 1721 391 1791 (33
410 1721 535 1791 29-54),
561 1720 698 1789 quamvis,
717 1721 834 1776 utillud
861 1726 890 1776 ot
908 1721 963 1776 hoc
980 1720 1098 1792 faceret,
1118 1723 1284 1792 saepissime
1310 1730 1340 1778 et
1365 1743 1416 1794 per
1477 1801 1478 1804 ρ

244 1828 318 1881 alios
346 1832 376 1882 et
394 1827 431 1882 ab
451 1832 548 1882 actore
574 1827 637 1896 ipso
657 1829 700 1898 (33
718 1828 833 1897 24-28,
851 1829 897 1898 54)
924 1829 1105 1898 admonitum,
1124 1844 1217 1898 neque
1237 1829 1415 1899 Apollodoro
1477 1807 1478 1848 l

240 1933 376 2004 ,precanti
403 1934 541 2002 pecunias
569 1934 682 1990 dedisse
716 1935 742 2004 (3
765 1937 800 1990 55
828 1941 857 1990 et
881 1937 937 2004 56).
978 1935 1038 2000 Quo
1065 1936 1246 1991 verisimilius
1273 1935 1414 1992 iudicibus

245 2041 379 2096 videatur
400 2058 462 2096 csse
481 2058 560 2096 reum
580 2041 702 2098 officium
728 2060 809 2098 suum
833 2043 1005 2113 neglexisse,
1027 2043 1056 2097 in
1075 2042 1131 2098 fine
1157 2043 1294 2098 orationis
1319 2050 1414 2099 orator

244 2147 328 2202 addit
347 2164 411 2203 oum
430 2149 515 2204 etiam
534 2148 660 2218 Euripidi
680 2149 810 2218 collegae
829 2165 885 2204 non
898 2149 1076 2206 vsuccessisse
1095 2149 1123 2203 in
1142 2150 1207 2204 navi
1228 2151 1254 2220 (3
1273 2153 1328 2219 68).

335 2253 447 2308 Deinde
467 2254 634 2309 testimoniis
653 2256 748 2328 allatis
761 2273 795 2311 ea
809 2257 934 2326 exponit,
954 2273 1028 2326 quae
1041 2255 1235 2325 Apollodorus
1248 2257 1413 2312 adversario

241 2377 365 2432 causas,
393 2379 443 2419 cur
469 2380 570 2419 navem
593 2364 738 2432 suscipere
763 2365 865 2432 nollet,
892 2363 1072 2434 praetexenti
1097 2362 1250 2417 obiecerat.
1291 2363 1414 2416 Primum

238 2473 342 2522 autem
372 2470 503 2540 Polycles
535 2476 565 2526 ct
594 2473 782 2528 instrumenta
820 2472 933 2526 navalia
968 2477 1000 2526 ut
1033 2471 1117 2524 nimis
1146 2470 1303 2538 splendide
1342 2486 1413 2525 com-

242 2581 349 2644 parata
369 2583 399 2631 et
417 2584 520 2632 nantas
542 2579 722 2662 remigesque
741 2587 773 2635 ut
794 2579 879 2633 nimia
901 2577 1033 2634 mercede
1057 2582 1205 2646 corruptos
1229 2583 1413 2632 recusaverat

239 2683 290 2753 (33
300 2683 425 2753 34-35).
458 2684 537 2749 Quae
556 2701 602 2740 res
616 2701 651 2740 ne
664 2686 809 2757 Polyclem
828 2686 979 2756 impediret
998 2684 1161 2767 succedere,
1180 2689 1261 2751 actor
1280 2684 1307 2738 ei
1327 2685 1413 2739 solam

239 2805 348 2872 narem
374 2791 519 2846 obtulerat
545 2793 572 2862 (3
590 2794 645 2861 37).
661 2863 664 2870 ⁴
683 2792 763 2848 Tum
782 2781 962 2849 adversarius
988 2777 1127 2862 collegitur
1152 2783 1277 2846 noudum
1302 2792 1412 2846 venisse

238 2899 434 2954 contenderat
462 2901 488 2970 (3
510 2900 564 2970 37).
602 2899 650 2954 Ad
673 2899 745 2955 haec
767 2900 959 2970 Apollodorus
983 2899 1101 2969 primum
1125 2898 1316 2968 responderat
1341 2915 1372 2953 55
1396 2914 1412 2950 a

242 3007 371 3076 Polyclis
390 3007 602 3077 syntrierarcho
621 3007 786 3078 impensam,
812 3023 895 3077 quam
920 3005 1045 3076 iecisset,
1068 3006 1221 3075 impetrare
1247 3013 1412 3060 conaturum

241 3129 309 3168 esse
329 3115 355 3184 (3
374 3116 416 3169 39.
437 3110 527 3178 ἐπειδή
546 3130 590 3166 σοι
608 3110 667 3188 φῄς,
687 3105 708 3166 ὦ
725 3111 877 3178 ΙΙολίκλεις,
895 3110 945 3170 τὸν
962 3109 1177 3188 συντριήραρχον
1194 3108 1248 3182 οὔχ
1266 3105 1346 3179 ἥκειν,
1367 3111 1411 3166 τοῦ

237 3222 298 3292 μὲν
315 3221 621 3294 ἐπιτετριηραρχημένου
645 3216 749 3295 χρόνου
766 3222 868 3276 ἐκεῖνον
884 3215 937 3289 ἐγώ
954 3215 1095 3292 πράξομαι
1112 3215 1294 3292 τάναλώματ’,
1315 3217 1350 3276 dv
1367 3216 1412 3273 dri-

245 3347 343 3400 νωμαι,
362 3326 416 3383 τῶν
433 3323 566 3402 τεττάρων
582 3328 694 3401 μηνῶν).
722 3329 763 3383 At
781 3328 926 3399 Polyclem
939 3327 1114 3396 Apollodoro
1134 3343 1330 3382 successorem
1350 3344 1411 3383 cou-

239 3435 377 3490 stitutum
396 3419 484 3490 fuisse
507 3451 625 3504 eamque
646 3437 683 3492 ob
703 3452 817 3492 causam
835 3435 925 3490 solum
950 3435 978 3489 in
1003 3433 1137 3489 iudicium
1160 3434 1289 3503 potuisse
1318 3433 1411 3489 vocari

239 3557 334 3610 ¹supra
358 3542 463 3602 monui.
499 3542 598 3598 luania
622 3543 711 3613 igitur
736 3549 802 3598 sunt
827 3543 933 3610 verba,
956 3521 1030 3611 qudo
1056 3540 1266 3610 exscripsimus.
1303 3539 1412 3596 Deinde

239 3648 439 3718 Apollodorus
463 3650 610 3705 obiecerat
632 3649 699 3704 nihil
719 3666 792 3719 5555,
815 3667 865 3706 our
893 3648 1018 3718 doleret,
1043 3649 1066 3702 si
1089 3648 1155 3702 navi
1179 3663 1196 3701 a
1222 3647 1335 3716 collega
1359 3663 1412 3702 nou
1473 3663 1474 3674 ¹

244 3761 381 3824 suscepta
398 3761 464 3810 octo
482 3772 593 3812 mensos
612 3757 641 3826 (i.
654 3773 679 3816 5.
692 3757 764 3812 duos
777 3772 888 3812 menses
901 3756 975 3811 ultra
987 3755 1142 3826 legitimum
1154 3757 1278 3824 tempus)
1287 3771 1411 3848 ‘munere

337 3915 358 3983 ¹)
377 3915 494 3983 Videas,
518 3931 635 3986 quaeso,
651 3917 687 3972 Α.
708 3915 853 3972 Schaoier.
879 3917 897 3976 l.
915 3917 934 3975 l.
957 3933 1047 3986 pagg.
1066 3917 1117 3971 147
1136 3933 1246 3986 proxx,
1269 3917 1410 3986 Lortzing.
1472 3945 1473 3956 .

241 4004 264 4067 l.
276 4007 294 4061 l.
305 4023 403 4076 -pcgg,
414 4008 576 4077 idprcxx,
588 4007 627 4060 41
642 4022 753 4076 prou„
763 4006 922 4062 Darem
933 4007 954 4064 l.
963 4007 1003 4076 11,
1021 4023 1110 4076 pagg.
1123 4007 1176 4060 232
1192 4021 1305 4075 proxx„
1324 4007 1410 4062 Blcss

241 4093 301 4156 1.1.
319 4113 409 4167 pagg.
428 4097 481 4152 468
499 4113 600 4165 proxx.

335 4196 359 4264 2)
378 4194 420 4250 cf.
440 4195 532 4253 Blass.
550 4195 569 4253 l.
587 4195 604 4248 l.
623 4211 652 4263 p.
670 4194 724 4249 468
742 4199 801 4252 not.
819 4194 844 4249 2.
