2954 4824
1251 319 1292 382 39

170 495 227 577 τῆς
248 487 384 566 πόλεως,
407 485 560 573 χρήματα
591 493 797 567 καταθεῖναι,
828 485 952 570 τὰμὲν
976 481 1056 572 ἱερὰ,
1083 484 1125 552 τὰ
1148 489 1183 554 δὲ
1207 482 1293 568 ὅσια,

168 585 245 657 τότε
270 598 381 657 θεῖναι
404 589 465 656 τὸν
489 587 595 674 νόμον
617 582 667 654 ἐπ’
684 584 902 676 ἀποστερήσει
925 593 997 655 τῶν
1024 590 1085 673 μὲν
1107 584 1210 656 ὁσίων
1233 595 1293 675 τῆς

169 696 358 774 διπλασίας,
388 695 458 758 τῶν
488 692 588 777 ἱερῶν
612 695 647 758 δὲ
669 697 729 776 τῆς
752 694 984 770 δεκαπλασίας,
1015 713 1120 775 neque
1142 713 1190 774 ea,
1213 715 1293 776 quae

168 785 275 878 §liz
300 798 453 879 leguntur,
476 816 558 877 quae
581 803 669 861 sunt:
692 796 720 859 si
743 795 778 859 ds
800 785 1059 876 τίνες-εὗρεν,
1083 814 1187 877 neque
1210 815 1293 877 quae

168 900 270 984 §ltu
293 898 501 982 proferuntur:
526 888 597 962 ἀλλ’
614 888 655 961 ου’
676 893 889 982 Τιμοκράτης,
914 887 987 960 ἀλλ>
1000 887 1092 973 ὅπως
1114 890 1206 961 ἁπλᾶ
1221 899 1292 980 μὲν,

169 993 189 1065 d
213 1002 265 1066 dal
288 996 443 1065 διπλάσια
466 992 695 1084 καταθήσουσι
711 996 948 1083 παρεσκεύασε,
973 1018 1076 1082 neque
1092 1018 1176 1081 quae
1192 998 1211 1084 ξ
1226 1003 1293 1064 119.

168 1106 330 1168 diduntur:
354 1095 395 1168 ori
417 1101 479 1189 γὰρ
503 1101 543 1189 ὀὴ
565 1103 633 1188 ἐρεῖ
653 1142 695 1149 -
708 1095 927 1184 κεκλοφότες.

254 1208 323 1270 lam
355 1227 437 1288 qnae
465 1205 484 1291 ᾗ
504 1210 572 1271 121.
594 1214 625 1272 et
647 1207 753 1286 §122
775 1205 815 1270 de
843 1206 1055 1289 portitoribus,
1085 1226 1165 1288 quus
1187 1207 1291 1271 Time

167 1314 272 1372 crates
303 1329 322 1372 a
355 1306 513 1373 benefieiis
542 1309 622 1390 legis
653 1327 731 1372 suae
761 1308 848 1371 nullo
879 1307 946 1372 inre
976 1308 1158 1390 excluserit,
1192 1308 1290 1372 verha

155 1416 277 1491 uratur
298 1411 384 1488 fauit,
405 1417 437 1473 et
459 1429 541 1490 quae
564 1409 583 1496 ξ
603 1413 670 1475 123.
693 1413 810 1474 11124.
832 1410 872 1474 de
895 1410 1003 1494 pupuli
1026 1429 1104 1492 erga
1129 1428 1290 1494 pauperes

168 1513 434 1594 magnanimitate
465 1512 596 1596 profert,
629 1517 771 1577 tenorem
803 1513 958 1576 orationis
987 1513 1217 1596 interrumpere
1247 1514 1290 1577 vi·

167 1614 290 1695 dentur,
320 1635 400 1696 num,
423 1634 505 1695 qnae
528 1612 567 1699 ἐξ
588 1616 767 1678 rra-138.
791 1614 830 1678 de
853 1613 1059 1678 Androtionis
1082 1616 1215 1696 eiusque
1243 1635 1291 1680 so·

168 1716 289 1780 dalinm
317 1715 458 1778 muribus
489 1716 631 1779 scelestis
654 1722 685 1779 et
707 1715 747 1779 de
771 1716 891 1799 pusula,
921 1715 1036 1797 quihus
1066 1721 1207 1798 tempure
1230 1715 1291 1799 pri-

168 1818 249 1881 stinu
273 1817 367 1898 louge
383 1817 530 1882 meliores
546 1816 691 1881 homines
714 1817 821 1881 affecti
843 1816 913 1898 sint,
936 1822 1054 1899 narrat,
1076 1819 1175 1882 multu
1191 1814 1291 1881 artius

169 1941 239 1984 eum
264 1917 283 2003 ξ
304 1922 370 1983 120.
393 1919 543 2001 coniungi
573 1919 702 2001 possint.
756 1916 896 1995 Quarum
928 1918 1155 2002 particularum
1186 1919 1291 2002 priore

169 2030 325 2103 augentur
348 2028 379 2086 et
400 2029 634 2104 exaggerantur
657 2021 710 2103 (ae
724 2041 788 2084 non
805 2040 890 2085 ruere
915 2020 1114 2105 repetuntur)
1137 2040 1184 2104 ea,
1208 2040 1291 2103 quae

167 2145 265 2208 supra
289 2123 391 2209 ξξῦθ.
415 2130 517 2188 11111).
546 2130 652 2188 orator
681 2125 838 2207 exposuit.
891 2122 953 2187 Sed
984 2128 1051 2186 tam
1083 2122 1164 2188 haee
1193 2143 1290 2206 quam
1338 2167 1345 2179 ·

169 2227 325 2310 posterior
348 2226 506 2310 particula
530 2225 671 2290 hiatibus
694 2225 819 2289 vitiosis
835 2225 969 2306 laborat,
992 2244 1095 2306 neque
1110 2245 1186 2290 vero
1202 2224 1292 2307 quid·

168 2347 263 2410 quam
299 2335 435 2409 utraque
471 2327 581 2392 indiaii
614 2327 759 2410 praebet,
792 2331 894 2390 utrum
929 2332 1003 2391 ante
1041 2327 1164 2392 solutas
1197 2347 1291 2410 peeu·

166 2431 238 2493 nias
270 2429 357 2507 illas,
392 2431 432 2494 de
455 2429 729 2513 quibussaepius
752 2429 905 2507 diximus,
939 2448 981 2491 an
1008 2436 1080 2512 pust
1110 2430 1230 2514 seripta
1251 2448 1291 2494 ea

167 2531 265 2598 verba
287 2533 360 2597 sint.

167 2714 169 2719 s
253 2633 344 2711 Quae
366 2635 440 2698 inde
463 2638 517 2715 ag
535 2637 603 2699 125.
626 2634 667 2699 de
684 2634 890 2698 Androtionis
914 2642 945 2698 et
967 2634 1123 2699 sodalium
1141 2635 1291 2718 moribus,

167 2745 296 2821 prepter
320 2757 399 2818 quus
414 2745 445 2801 et
461 2738 548 2821 ipsos
572 2737 707 2801 vinculis
730 2757 793 2800 nnn
816 2737 941 2819 indigni
964 2737 1037 2819 sint,
1060 2744 1169 2802 orator
1191 2738 1290 2802 verba

168 2843 263 2924 fauit,
301 2847 385 2905 recte
415 2839 607 2904 Sahaeferus
636 2839 668 2903 in
697 2859 768 2904 eam
798 2841 990 2904 sententiam
1021 2841 1156 2924 accipit,
1189 2846 1222 2903 nt
1251 2840 1291 2903 iis

167 2962 299 3027 prorsus
322 2942 442 3006 nullum
473 2943 578 3006 lunum
601 2943 633 3005 in
658 2941 718 3006 han
746 2942 891 3006 oratione
913 2943 1053 3006 futurum
1078 2962 1157 3025 esse,
1187 2944 1213 3006 si
1238 2963 1291 3026 pe·

167 3046 279 3111 eunias
303 3045 350 3108 illi
372 3045 498 3109 aerario
521 3045 649 3109 debitas
672 3045 736 3109 iam
760 3044 997 3128 persolvissent,
1021 3045 1191 3110 existimet.
1223 3046 1291 3110 -lta-

167 3165 228 3231 que
252 3147 368 3232 prioris
391 3148 543 3211 orationis
566 3147 803 3212 summentariis
826 3167 865 3212 ea
889 3147 1052 3212 vindicare
1080 3168 1142 3211 nnn
1166 3148 1290 3212 dubita·

169 3252 280 3332 bimus,
310 3250 406 3332 idque
428 3270 465 3315 eu
490 3252 601 3332 magis,
633 3250 717 3333 quud
740 3251 809 3314 eius
832 3251 878 3314 rei
901 3249 1111 3314 certissimum
1136 3251 1289 3315 indieium

166 3361 275 3444 exstat
299 3353 348 3417 hie
363 3354 464 3417 loeus:
489 3345 573 3417 ἀλλὰ
589 3349 800 3429 Μελάνωπος
823 3343 935 3417 δεινὸν
959 3349 998 3438 νὴ
1014 3345 1066 3416 Δί’
1083 3351 1174 3417 ἐστὶν
1197 3352 1224 3416 εἰ
1241 3353 1288 3417 δε-

167 3453 297 3540 θὴσθαι
322 3459 400 3520 νῦν
423 3453 570 3538 ἔμελλεν,Ι
593 3457 707 3536 Neque
729 3456 825 3540 igitur
841 3455 954 3518 mirum
977 3462 1026 3519 est
1049 3454 1155 3519 hiatus
1174 3455 1291 3520 multus

167 3561 199 3624 in
223 3558 273 3622 his
296 3559 512 3643 paragraphis
535 3559 679 3624 inveniri.

253 3663 367 3744 Neque
390 3662 482 3726 aliter
505 3662 545 3727 de
568 3661 616 3745 iis,
632 3681 715 3745 quae
738 3660 813 3726 inde
836 3665 891 3741 αξ
912 3664 978 3726 131.
1001 3680 1103 3752 usque
1127 3659 1203 3746 ad§
1222 3663 1290 3726 138.

167 3765 311 3848 legimus
329 3764 535 3830 iudicandum
552 3771 609 3848 est,
625 3786 693 3829 unm
712 3785 784 3828 eum
799 3765 1000 3829 antecedenti
1018 3771 1108 3848 parte
1124 3763 1291 3827 euniuneta

167 3888 238 3934 esse
248 3867 419 3932 videantur
432 3867 481 3932 his
491 3867 603 3932 verbis:
616 3864 671 3950 Μὴ
684 3868 802 3933 τοίνυν
816 3857 914 3932 αὐτοὶ
926 3862 1094 3931 διδάσκετε
1103 3856 1253 3952 [ἀδικεῖν]
1261 3866 1292 3949 ¹),

169 4007 372 4019 -—--—--——-v

250 4089 341 4156 11811
360 4095 496 4142 araturam
516 4087 621 4142 dixisse
639 4087 820 4154 suspicamur.
857 4086 937 4149 Quod
950 4101 1030 4153 quam
1044 4101 1110 4139 vere
1129 4085 1290 4152 1111111111,

167 4175 313 4244 intelleges
332 4190 367 4230 aa
386 4175 510 4230 eiusdem
534 4173 667 4229 orationis
685 4173 700 4242 ξ
719 4181 853 4239 extrema,
877 4171 923 4226 ubi
943 4171 1010 4226 haee
1028 4171 1173 4240 leguntur:
1198 4165 1236 4238 ὡς
1255 4165 1287 4226 τὸ
