<?xml version="1.0" encoding="UTF-8"?>
<!DOCTYPE html PUBLIC "-//W3C//DTD XHTML 1.0 Transitional//EN"
    "http://www.w3.org/TR/xhtml1/DTD/xhtml1-transitional.dtd">
<html xmlns="http://www.w3.org/1999/xhtml" xml:lang="en" lang="en">
 <head>
  <title>
</title>
<meta http-equiv="Content-Type" content="text/html;charset=utf-8" />
  <meta name='ocr-system' content='tesseract 3.04.00' />
  <meta name='ocr-capabilities' content='ocr_page ocr_carea ocr_par ocr_line ocrx_word'/>
</head>
<body>
  <div class='ocr_page' id='page_1' title='image "./dedemosthenisor00hubogoog_0195.png"; bbox 0 0 2954 4824; ppageno 0'>
   <div class='ocr_carea' id='block_1_1' title="bbox 234 333 274 395">
    <p class='ocr_par' dir='ltr' id='par_1_1' title="bbox 234 333 274 395">
     <span class='ocr_line' id='line_1_1' title="bbox 234 333 274 395; baseline -0.025 0"><span class='ocrx_word' id='word_1_1' title='bbox 234 333 274 395; x_wconf 79' lang='lat'><strong>32</strong></span> 
     </span>
    </p>
   </div>
   <div class='ocr_carea' id='block_1_2' title="bbox 230 501 1357 4273">
    <p class='ocr_par' dir='ltr' id='par_1_2' title="bbox 231 501 1352 1622">
     <span class='ocr_line' id='line_1_2' title="bbox 233 501 1342 588; baseline 0.003 -21"><span class='ocrx_word' id='word_1_2' title='bbox 233 521 304 567; x_wconf 91' lang='lat' dir='ltr'><strong>cum</strong></span> <span class='ocrx_word' id='word_1_3' title='bbox 336 502 450 583; x_wconf 89' lang='lat' dir='ltr'><strong>quibus</strong></span> <span class='ocrx_word' id='word_1_4' title='bbox 479 501 605 584; x_wconf 86' lang='lat' dir='ltr'><strong>legibus</strong></span> <span class='ocrx_word' id='word_1_5' title='bbox 634 502 686 567; x_wconf 81' lang='lat' dir='ltr'><strong>lex</strong></span> <span class='ocrx_word' id='word_1_6' title='bbox 716 503 789 587; x_wconf 89' lang='lat' dir='ltr'><strong>ipsa</strong></span> <span class='ocrx_word' id='word_1_7' title='bbox 811 502 1002 568; x_wconf 81' lang='lat' dir='ltr'><strong>Timocratis</strong></span> <span class='ocrx_word' id='word_1_8' title='bbox 1025 508 1195 588; x_wconf 78' lang='lat' dir='ltr'>repugnet,</span> <span class='ocrx_word' id='word_1_9' title='bbox 1225 502 1342 570; x_wconf 87' lang='lat' dir='ltr'><strong>uberius</strong></span> 
     </span>
     <span class='ocr_line' id='line_1_3' title="bbox 234 605 1340 690; baseline 0.002 -21"><span class='ocrx_word' id='word_1_10' title='bbox 234 606 395 690; x_wconf 81' lang='lat' dir='ltr'><strong>explanet.</strong></span> <span class='ocrx_word' id='word_1_11' title='bbox 438 605 585 669; x_wconf 79' lang='lat' dir='ltr'><strong>Recitata</strong></span> <span class='ocrx_word' id='word_1_12' title='bbox 606 605 798 670; x_wconf 83' lang='lat' dir='ltr'><strong>Timocratis</strong></span> <span class='ocrx_word' id='word_1_13' title='bbox 821 605 892 689; x_wconf 86' lang='lat' dir='ltr'><strong>lege</strong></span> <span class='ocrx_word' id='word_1_14' title='bbox 914 614 946 672; x_wconf 89' lang='lat' dir='ltr'><strong>et</strong></span> <span class='ocrx_word' id='word_1_15' title='bbox 967 607 1077 672; x_wconf 86' lang='lat' dir='ltr'><strong>electis</strong></span> <span class='ocrx_word' id='word_1_16' title='bbox 1099 626 1139 672; x_wconf 85' lang='lat' dir='ltr'><strong>ex</strong></span> <span class='ocrx_word' id='word_1_17' title='bbox 1161 626 1201 671; x_wconf 89' lang='lat' dir='ltr'><strong>ea</strong></span> <span class='ocrx_word' id='word_1_18' title='bbox 1231 606 1340 671; x_wconf 86' lang='lat' dir='ltr'><strong>duobus</strong></span> 
     </span>
     <span class='ocr_line' id='line_1_4' title="bbox 232 707 1343 793; baseline 0.002 -22"><span class='ocrx_word' id='word_1_19' title='bbox 232 708 312 772; x_wconf 90' lang='lat' dir='ltr'><strong>locis</strong></span> <span class='ocrx_word' id='word_1_20' title='bbox 338 712 444 773; x_wconf 88' lang='lat' dir='ltr'><strong>orator</strong></span> <span class='ocrx_word' id='word_1_21' title='bbox 466 708 563 791; x_wconf 85' lang='lat' dir='ltr'><strong>priori</strong></span> <span class='ocrx_word' id='word_1_22' title='bbox 586 707 655 772; x_wconf 87' lang='lat' dir='ltr'><strong>loco</strong></span> <span class='ocrx_word' id='word_1_23' title='bbox 677 708 799 788; x_wconf 91' lang='lat' dir='ltr'><strong>totique</strong></span> <span class='ocrx_word' id='word_1_24' title='bbox 821 709 884 790; x_wconf 86' lang='lat' dir='ltr'><strong>legi</strong></span> <span class='ocrx_word' id='word_1_25' title='bbox 908 708 1048 790; x_wconf 91' lang='lat' dir='ltr'><strong>quinque</strong></span> <span class='ocrx_word' id='word_1_26' title='bbox 1068 709 1165 793; x_wconf 85' lang='lat' dir='ltr'><strong>leges,</strong></span> <span class='ocrx_word' id='word_1_27' title='bbox 1186 711 1343 792; x_wconf 75' lang='lat' dir='ltr'>posteriori</span> 
     </span>
     <span class='ocr_line' id='line_1_5' title="bbox 232 808 1347 894; baseline 0 -20"><span class='ocrx_word' id='word_1_28' title='bbox 232 817 339 874; x_wconf 89' lang='lat' dir='ltr'><strong>autem</strong></span> <span class='ocrx_word' id='word_1_29' title='bbox 361 811 438 874; x_wconf 86' lang='lat' dir='ltr'><strong>¹loco</strong></span> <span class='ocrx_word' id='word_1_30' title='bbox 467 828 564 873; x_wconf 81' lang='lat' dir='ltr'><strong>unam</strong></span> <span class='ocrx_word' id='word_1_31' title='bbox 595 811 727 894; x_wconf 91' lang='lat' dir='ltr'><strong>opponit</strong></span> <span class='ocrx_word' id='word_1_32' title='bbox 754 816 852 892; x_wconf 81' lang='lat' dir='ltr'><strong>atque</strong></span> <span class='ocrx_word' id='word_1_33' title='bbox 873 808 994 892; x_wconf 85' lang='lat' dir='ltr'><strong>legem,</strong></span> <span class='ocrx_word' id='word_1_34' title='bbox 1023 830 1120 892; x_wconf 90' lang='lat' dir='ltr'><strong>quam</strong></span> <span class='ocrx_word' id='word_1_35' title='bbox 1148 811 1223 875; x_wconf 88' lang='lat' dir='ltr'><strong>otim</strong></span> <span class='ocrx_word' id='word_1_36' title='bbox 1248 811 1347 875; x_wconf 83' lang='lat' dir='ltr'><strong>Timo·</strong></span> 
     </span>
     <span class='ocr_line' id='line_1_6' title="bbox 233 910 1349 997; baseline 0.002 -21"><span class='ocrx_word' id='word_1_37' title='bbox 233 919 338 977; x_wconf 83' lang='lat' dir='ltr'><strong>crates</strong></span> <span class='ocrx_word' id='word_1_38' title='bbox 360 911 445 976; x_wconf 92' lang='lat' dir='ltr'><strong>idem</strong></span> <span class='ocrx_word' id='word_1_39' title='bbox 468 910 555 993; x_wconf 90' lang='lat' dir='ltr'><strong>tulit,</strong></span> <span class='ocrx_word' id='word_1_40' title='bbox 584 912 678 993; x_wconf 86' lang='lat' dir='ltr'><strong>longe</strong></span> <span class='ocrx_word' id='word_1_41' title='bbox 701 911 860 976; x_wconf 88' lang='lat' dir='ltr'><strong>diversam</strong></span> <span class='ocrx_word' id='word_1_42' title='bbox 883 931 955 976; x_wconf 90' lang='lat' dir='ltr'><strong>oum</strong></span> <span class='ocrx_word' id='word_1_43' title='bbox 977 913 1154 978; x_wconf 88' lang='lat' dir='ltr'><strong>norissima</strong></span> <span class='ocrx_word' id='word_1_44' title='bbox 1176 918 1349 997; x_wconf 86' lang='lat' dir='ltr'><strong>comparat.</strong></span> 
     </span>
     <span class='ocr_line' id='line_1_7' title="bbox 233 1011 1350 1099; baseline 0 -21"><span class='ocrx_word' id='word_1_45' title='bbox 233 1012 337 1091; x_wconf 80' lang='lat' dir='ltr'><strong>Quam</strong></span> <span class='ocrx_word' id='word_1_46' title='bbox 365 1013 407 1078; x_wconf 87' lang='lat' dir='ltr'><strong>de</strong></span> <span class='ocrx_word' id='word_1_47' title='bbox 439 1011 564 1094; x_wconf 86' lang='lat' dir='ltr'><strong>legibus</strong></span> <span class='ocrx_word' id='word_1_48' title='bbox 595 1014 763 1078; x_wconf 74' lang='lat' dir='ltr'><strong>contrariis</strong></span> <span class='ocrx_word' id='word_1_49' title='bbox 794 1013 858 1096; x_wconf 88' lang='lat' dir='ltr'><strong>legi</strong></span> <span class='ocrx_word' id='word_1_50' title='bbox 889 1015 1112 1080; x_wconf 83' lang='lat' dir='ltr'><strong>Timocratoae</strong></span> <span class='ocrx_word' id='word_1_51' title='bbox 1146 1022 1274 1099; x_wconf 87' lang='lat' dir='ltr'><strong>partem</strong></span> <span class='ocrx_word' id='word_1_52' title='bbox 1305 1015 1350 1078; x_wconf 90' lang='lat' dir='ltr'><strong>his</strong></span> 
     </span>
     <span class='ocr_line' id='line_1_8' title="bbox 231 1109 1352 1202; baseline 0.002 -22"><span class='ocrx_word' id='word_1_53' title='bbox 231 1116 339 1181; x_wconf 81' lang='lat' dir='ltr'><strong>verbis</strong></span> <span class='ocrx_word' id='word_1_54' title='bbox 362 1115 500 1180; x_wconf 88' lang='lat' dir='ltr'><strong>absolvit</strong></span> <span class='ocrx_word' id='word_1_55' title='bbox 522 1114 556 1201; x_wconf 66' lang='grc' dir='ltr'><strong>(ξ</strong></span> <span class='ocrx_word' id='word_1_56' title='bbox 572 1115 648 1201; x_wconf 80' lang='grc' dir='ltr'><strong><em>66.)ι</em></strong></span> <span class='ocrx_word' id='word_1_57' title='bbox 679 1109 733 1180; x_wconf 83' lang='grc' dir='ltr'><strong>ότι</strong></span> <span class='ocrx_word' id='word_1_58' title='bbox 761 1115 822 1200; x_wconf 77' lang='grc' dir='ltr'><strong>μὲν</strong></span> <span class='ocrx_word' id='word_1_59' title='bbox 850 1118 969 1182; x_wconf 80' lang='grc' dir='ltr'><strong><em>τοίνυν</em></strong></span> <span class='ocrx_word' id='word_1_60' title='bbox 1001 1117 1058 1181; x_wconf 87' lang='grc' dir='ltr'><strong>καὶ</strong></span> <span class='ocrx_word' id='word_1_61' title='bbox 1087 1113 1179 1202; x_wconf 87' lang='grc' dir='ltr'><strong>παρὰ</strong></span> <span class='ocrx_word' id='word_1_62' title='bbox 1207 1109 1352 1192; x_wconf 81' lang='grc' dir='ltr'><em>τούτους</em></span> 
     </span>
     <span class='ocr_line' id='line_1_9' title="bbox 231 1214 1351 1304; baseline 0.002 -22"><span class='ocrx_word' id='word_1_63' title='bbox 231 1214 311 1295; x_wconf 82' lang='grc' dir='ltr'><strong><em>τοὺς</em></strong></span> <span class='ocrx_word' id='word_1_64' title='bbox 334 1214 458 1301; x_wconf 87' lang='grc' dir='ltr'><strong><em>νόμους</em></strong></span> <span class='ocrx_word' id='word_1_65' title='bbox 480 1219 535 1283; x_wconf 87' lang='grc' dir='ltr'><strong>καὶ</strong></span> <span class='ocrx_word' id='word_1_66' title='bbox 557 1215 649 1302; x_wconf 88' lang='grc' dir='ltr'><strong>παρά</strong></span> <span class='ocrx_word' id='word_1_67' title='bbox 670 1215 750 1296; x_wconf 79' lang='grc' dir='ltr'><strong><em>τοὺς</em></strong></span> <span class='ocrx_word' id='word_1_68' title='bbox 773 1220 1036 1304; x_wconf 73' lang='grc' dir='ltr'><em>προειρημένους</em></span> <span class='ocrx_word' id='word_1_69' title='bbox 1058 1220 1114 1284; x_wconf 89' lang='grc' dir='ltr'><strong>καὶ</strong></span> <span class='ocrx_word' id='word_1_70' title='bbox 1136 1222 1260 1304; x_wconf 79' lang='grc' dir='ltr'><em>μικροῦ</em></span> <span class='ocrx_word' id='word_1_71' title='bbox 1289 1220 1351 1285; x_wconf 88' lang='grc' dir='ltr'><strong><em>δέω</em></strong></span> 
     </span>
     <span class='ocr_line' id='line_1_10' title="bbox 232 1313 1352 1406; baseline 0.002 -21"><span class='ocrx_word' id='word_1_72' title='bbox 232 1317 324 1406; x_wconf 85' lang='grc' dir='ltr'><strong>παρά</strong></span> <span class='ocrx_word' id='word_1_73' title='bbox 352 1315 482 1396; x_wconf 95' lang='grc' dir='ltr'><strong><em>πάντας</em></strong></span> <span class='ocrx_word' id='word_1_74' title='bbox 511 1319 619 1385; x_wconf 82' lang='grc' dir='ltr'><strong><em>εἰπεῖν</em></strong></span> <span class='ocrx_word' id='word_1_75' title='bbox 648 1317 727 1398; x_wconf 84' lang='grc' dir='ltr'><strong><em>τοὺς</em></strong></span> <span class='ocrx_word' id='word_1_76' title='bbox 758 1315 858 1398; x_wconf 87' lang='grc' dir='ltr'><strong><em>όντας</em></strong></span> <span class='ocrx_word' id='word_1_77' title='bbox 880 1320 916 1386; x_wconf 79' lang='grc' dir='ltr'><strong>ἐν</strong></span> <span class='ocrx_word' id='word_1_78' title='bbox 937 1324 979 1404; x_wconf 78' lang='grc' dir='ltr'><strong>τῇ</strong></span> <span class='ocrx_word' id='word_1_79' title='bbox 1001 1313 1109 1401; x_wconf 84' lang='grc' dir='ltr'><strong><em>πόλει,</em></strong></span> <span class='ocrx_word' id='word_1_80' title='bbox 1137 1323 1271 1388; x_wconf 75' lang='grc' dir='ltr'><strong><em>τέθεικε</em></strong></span> <span class='ocrx_word' id='word_1_81' title='bbox 1292 1318 1352 1387; x_wconf 88' lang='grc' dir='ltr'><strong>τόν</strong></span> 
     </span>
     <span class='ocr_line' id='line_1_11' title="bbox 231 1412 1352 1507; baseline 0.003 -20"><span class='ocrx_word' id='word_1_82' title='bbox 231 1419 348 1506; x_wconf 92' lang='grc' dir='ltr'><strong><em>νόμον,</em></strong></span> <span class='ocrx_word' id='word_1_83' title='bbox 372 1418 464 1507; x_wconf 80' lang='grc' dir='ltr'><strong><em>οἶμαι</em></strong></span> <span class='ocrx_word' id='word_1_84' title='bbox 487 1423 591 1507; x_wconf 86' lang='grc' dir='ltr'><strong><em>δῆλον</em></strong></span> <span class='ocrx_word' id='word_1_85' title='bbox 613 1413 737 1488; x_wconf 86' lang='grc' dir='ltr'><strong><em>άπαοιν</em></strong></span> <span class='ocrx_word' id='word_1_86' title='bbox 758 1412 837 1507; x_wconf 73' lang='grc' dir='ltr'><strong><em>ὑμῖν</em></strong></span> <span class='ocrx_word' id='word_1_87' title='bbox 860 1418 959 1502; x_wconf 80' lang='grc' dir='ltr'><strong><em>εἶναι,</em></strong></span> <span class='ocrx_word' id='word_1_88' title='bbox 988 1424 1103 1507; x_wconf 88' lang='lat' dir='ltr'><strong>quibus</strong></span> <span class='ocrx_word' id='word_1_89' title='bbox 1130 1424 1237 1490; x_wconf 88' lang='lat' dir='ltr'><strong>verbis</strong></span> <span class='ocrx_word' id='word_1_90' title='bbox 1260 1424 1352 1490; x_wconf 89' lang='lat' dir='ltr'><strong>vehc·</strong></span> 
     </span>
     <span class='ocr_line' id='line_1_12' title="bbox 231 1525 1109 1622; baseline 0.003 -33"><span class='ocrx_word' id='word_1_91' title='bbox 231 1525 461 1590; x_wconf 85' lang='lat' dir='ltr'><strong>montissimum</strong></span> <span class='ocrx_word' id='word_1_92' title='bbox 484 1525 518 1590; x_wconf 92' lang='lat' dir='ltr'><strong>in</strong></span> <span class='ocrx_word' id='word_1_93' title='bbox 541 1526 756 1592; x_wconf 69' lang='lat' dir='ltr'><strong>Timocratem</strong></span> <span class='ocrx_word' id='word_1_94' title='bbox 778 1525 931 1622; x_wconf 77' lang='lat' dir='ltr'><strong>impetum</strong></span> <span class='ocrx_word' id='word_1_95' title='bbox 955 1526 1109 1610; x_wconf 83' lang='lat' dir='ltr'><strong>adiungit</strong></span> 
     </span>
    </p>

    <p class='ocr_par' dir='ltr' id='par_1_3' title="bbox 230 1628 1357 4273">
     <span class='ocr_line' id='line_1_13' title="bbox 316 1628 1351 1714; baseline 0.002 -23"><span class='ocrx_word' id='word_1_96' title='bbox 316 1629 400 1714; x_wconf 62' lang='grc'><strong>568.</strong></span> <span class='ocrx_word' id='word_1_97' title='bbox 423 1634 531 1692; x_wconf 88' lang='lat' dir='ltr'><strong>orator</strong></span> <span class='ocrx_word' id='word_1_98' title='bbox 552 1628 678 1693; x_wconf 85' lang='lat' dir='ltr'><strong>tertiam</strong></span> <span class='ocrx_word' id='word_1_99' title='bbox 702 1629 991 1710; x_wconf 80' lang='lat' dir='ltr'><strong>argumentationis</strong></span> <span class='ocrx_word' id='word_1_100' title='bbox 1009 1634 1145 1714; x_wconf 89' lang='lat' dir='ltr'><strong>partem,</strong></span> <span class='ocrx_word' id='word_1_101' title='bbox 1167 1650 1232 1712; x_wconf 89' lang='lat' dir='ltr'><strong>qua</strong></span> <span class='ocrx_word' id='word_1_102' title='bbox 1248 1630 1351 1713; x_wconf 83' lang='lat' dir='ltr'><strong>legem</strong></span> 
     </span>
     <span class='ocr_line' id='line_1_14' title="bbox 232 1730 1352 1814; baseline -0.002 -18"><span class='ocrx_word' id='word_1_103' title='bbox 232 1731 424 1796; x_wconf 85' lang='lat' dir='ltr'><strong>Timocratis</strong></span> <span class='ocrx_word' id='word_1_104' title='bbox 453 1731 556 1813; x_wconf 90' lang='lat' dir='ltr'><strong>ipsam</strong></span> <span class='ocrx_word' id='word_1_105' title='bbox 588 1730 800 1814; x_wconf 82' lang='lat' dir='ltr'><strong>perniciosam</strong></span> <span class='ocrx_word' id='word_1_106' title='bbox 824 1751 896 1796; x_wconf 89' lang='lat' dir='ltr'><strong>esse</strong></span> <span class='ocrx_word' id='word_1_107' title='bbox 919 1731 1129 1814; x_wconf 88' lang='lat' dir='ltr'><strong>demonstret,</strong></span> <span class='ocrx_word' id='word_1_108' title='bbox 1158 1732 1282 1797; x_wconf 89' lang='lat' dir='ltr'><strong>orditur</strong></span> <span class='ocrx_word' id='word_1_109' title='bbox 1306 1733 1352 1795; x_wconf 92' lang='lat' dir='ltr'><strong>his</strong></span> 
     </span>
     <span class='ocr_line' id='line_1_15' title="bbox 231 1824 1353 1919; baseline -0.001 -21"><span class='ocrx_word' id='word_1_110' title='bbox 231 1835 350 1899; x_wconf 87' lang='lat' dir='ltr'><strong>verbis:</strong></span> <span class='ocrx_word' id='word_1_111' title='bbox 373 1826 419 1910; x_wconf 81' lang='grc' dir='ltr'><strong>ὡς</strong></span> <span class='ocrx_word' id='word_1_112' title='bbox 440 1833 560 1898; x_wconf 81' lang='grc' dir='ltr'><strong><em>τοίνυν</em></strong></span> <span class='ocrx_word' id='word_1_113' title='bbox 582 1824 656 1898; x_wconf 81' lang='lat' dir='ltr'><strong>oc&#39;d&#39;</strong></span> <span class='ocrx_word' id='word_1_114' title='bbox 679 1824 869 1919; x_wconf 78' lang='grc' dir='ltr'><strong><em>ἐπιτήδειον</em></strong></span> <span class='ocrx_word' id='word_1_115' title='bbox 893 1825 1000 1918; x_wconf 91' lang='grc' dir='ltr'><strong><em>νόμον</em></strong></span> <span class='ocrx_word' id='word_1_116' title='bbox 1020 1827 1101 1918; x_wconf 81' lang='grc' dir='ltr'><strong><em>όμῑν</em></strong></span> <span class='ocrx_word' id='word_1_117' title='bbox 1125 1824 1204 1899; x_wconf 76' lang='grc' dir='ltr'><strong><em>οὐδὲ</em></strong></span> <span class='ocrx_word' id='word_1_118' title='bbox 1231 1832 1353 1918; x_wconf 82' lang='grc' dir='ltr'><strong><em>συμφέ-</em></strong></span> 
     </span>
     <span class='ocr_line' id='line_1_16' title="bbox 231 1926 1353 2022; baseline -0.003 -20"><span class='ocrx_word' id='word_1_119' title='bbox 231 1926 324 2022; x_wconf 85' lang='grc' dir='ltr'><strong>ροντ’</strong></span> <span class='ocrx_word' id='word_1_120' title='bbox 347 1931 541 2019; x_wconf 84' lang='grc' dir='ltr'><strong><em>είςενήνοχε,</em></strong></span> <span class='ocrx_word' id='word_1_121' title='bbox 564 1926 656 2000; x_wconf 50' lang='grc' dir='ltr'><strong><em>τοῦτ)</em></strong></span> <span class='ocrx_word' id='word_1_122' title='bbox 678 1930 743 2022; x_wconf 76' lang='grc' dir='ltr'><strong>ἤδη</strong></span> <span class='ocrx_word' id='word_1_123' title='bbox 765 1932 963 2021; x_wconf 89' lang='grc' dir='ltr'><strong><em>πειράσομαι</em></strong></span> <span class='ocrx_word' id='word_1_124' title='bbox 979 1938 1056 2001; x_wconf 83' lang='grc' dir='ltr'><strong><em>νυνὶ</em></strong></span> <span class='ocrx_word' id='word_1_125' title='bbox 1071 1932 1246 2002; x_wconf 80' lang='grc' dir='ltr'><strong><em>δεικνύειν.</em></strong></span> <span class='ocrx_word' id='word_1_126' title='bbox 1292 1938 1353 2001; x_wconf 79' lang='lat' dir='ltr'><strong>Ita</strong></span> 
     </span>
     <span class='ocr_line' id='line_1_17' title="bbox 231 2039 1354 2122; baseline -0.003 -18"><span class='ocrx_word' id='word_1_127' title='bbox 231 2059 302 2121; x_wconf 91' lang='lat' dir='ltr'><strong>que,</strong></span> <span class='ocrx_word' id='word_1_128' title='bbox 331 2046 511 2122; x_wconf 87' lang='lat' dir='ltr'><strong>postquam,</strong></span> <span class='ocrx_word' id='word_1_129' title='bbox 539 2057 623 2121; x_wconf 86' lang='lat' dir='ltr'><strong>quae</strong></span> <span class='ocrx_word' id='word_1_130' title='bbox 646 2039 781 2104; x_wconf 90' lang='lat' dir='ltr'><strong>virtutes</strong></span> <span class='ocrx_word' id='word_1_131' title='bbox 808 2039 841 2104; x_wconf 91' lang='lat' dir='ltr'><strong>in</strong></span> <span class='ocrx_word' id='word_1_132' title='bbox 871 2040 1050 2120; x_wconf 82' lang='lat' dir='ltr'><strong>omniloga</strong></span> <span class='ocrx_word' id='word_1_133' title='bbox 1076 2039 1354 2121; x_wconf 88' lang='lat' dir='ltr'><strong>inessedebeant,</strong></span> 
     </span>
     <span class='ocr_line' id='line_1_18' title="bbox 231 2140 1352 2227; baseline -0.003 -19"><span class='ocrx_word' id='word_1_134' title='bbox 231 2141 369 2208; x_wconf 82' lang='lat' dir='ltr'><strong>breviter</strong></span> <span class='ocrx_word' id='word_1_135' title='bbox 397 2141 559 2226; x_wconf 84' lang='lat' dir='ltr'><strong>exposuit,</strong></span> <span class='ocrx_word' id='word_1_136' title='bbox 589 2140 716 2224; x_wconf 85' lang='lat' dir='ltr'><strong>singula</strong></span> <span class='ocrx_word' id='word_1_137' title='bbox 744 2141 826 2223; x_wconf 87' lang='lat' dir='ltr'><strong>legis</strong></span> <span class='ocrx_word' id='word_1_138' title='bbox 858 2143 1080 2208; x_wconf 83' lang='lat' dir='ltr'><strong>Timocrateae</strong></span> <span class='ocrx_word' id='word_1_139' title='bbox 1115 2143 1223 2227; x_wconf 85' lang='lat' dir='ltr'><strong>capita</strong></span> <span class='ocrx_word' id='word_1_140' title='bbox 1254 2162 1352 2206; x_wconf 91' lang='lat' dir='ltr'><strong>unum</strong></span> 
     </span>
     <span class='ocr_line' id='line_1_19' title="bbox 230 2243 1353 2363; baseline 0 -55"><span class='ocrx_word' id='word_1_141' title='bbox 230 2251 303 2363; x_wconf 73' lang='lat' dir='ltr'><strong>post</strong></span> <span class='ocrx_word' id='word_1_142' title='bbox 326 2245 462 2308; x_wconf 86' lang='lat' dir='ltr'><strong>alterum</strong></span> <span class='ocrx_word' id='word_1_143' title='bbox 486 2245 624 2326; x_wconf 84' lang='lat' dir='ltr'><strong>castigat</strong></span> <span class='ocrx_word' id='word_1_144' title='bbox 646 2250 779 2328; x_wconf 86' lang='lat' dir='ltr'><strong>excepto</strong></span> <span class='ocrx_word' id='word_1_145' title='bbox 802 2244 923 2324; x_wconf 91' lang='lat' dir='ltr'><strong>ultimo,</strong></span> <span class='ocrx_word' id='word_1_146' title='bbox 945 2245 1032 2326; x_wconf 90' lang='lat' dir='ltr'><strong>quod</strong></span> <span class='ocrx_word' id='word_1_147' title='bbox 1053 2251 1114 2312; x_wconf 89' lang='lat' dir='ltr'><strong>cst:</strong></span> <span class='ocrx_word' id='word_1_148' title='bbox 1136 2246 1214 2328; x_wconf 85' lang='grc' dir='ltr'><strong><em>περὶ</em></strong></span> <span class='ocrx_word' id='word_1_149' title='bbox 1231 2243 1267 2309; x_wconf 77' lang='grc' dir='ltr'><strong>δὲ</strong></span> <span class='ocrx_word' id='word_1_150' title='bbox 1282 2247 1353 2309; x_wconf 80' lang='grc' dir='ltr'><strong>τῶν</strong></span> 
     </span>
     <span class='ocr_line' id='line_1_20' title="bbox 232 2339 1354 2431; baseline -0.002 -19"><span class='ocrx_word' id='word_1_151' title='bbox 232 2339 436 2431; x_wconf 84' lang='grc' dir='ltr'><strong><em>ιόνουμένων</em></strong></span> <span class='ocrx_word' id='word_1_152' title='bbox 467 2343 510 2412; x_wconf 88' lang='grc' dir='ltr'><strong>τά</strong></span> <span class='ocrx_word' id='word_1_153' title='bbox 537 2347 614 2431; x_wconf 91' lang='grc' dir='ltr'><strong><em>τέλη</em></strong></span> <span class='ocrx_word' id='word_1_154' title='bbox 637 2347 786 2411; x_wconf 78' lang='grc' dir='ltr'><strong><em>καὶτῶν</em></strong></span> <span class='ocrx_word' id='word_1_155' title='bbox 809 2345 1032 2431; x_wconf 79' lang='grc' dir='ltr'><strong><em>ἐγγυωμένων</em></strong></span> <span class='ocrx_word' id='word_1_156' title='bbox 1060 2347 1117 2411; x_wconf 86' lang='grc' dir='ltr'><strong>καὶ</strong></span> <span class='ocrx_word' id='word_1_157' title='bbox 1144 2343 1354 2431; x_wconf 80' lang='grc' dir='ltr'><strong><em>ἐκλεγόντων</em></strong></span> 
     </span>
     <span class='ocr_line' id='line_1_21' title="bbox 231 2445 1355 2574; baseline -0.002 -59"><span class='ocrx_word' id='word_1_158' title='bbox 231 2451 288 2515; x_wconf 86' lang='grc' dir='ltr'><strong>καί</strong></span> <span class='ocrx_word' id='word_1_159' title='bbox 309 2453 381 2514; x_wconf 81' lang='grc' dir='ltr'><strong>των</strong></span> <span class='ocrx_word' id='word_1_160' title='bbox 401 2445 444 2513; x_wconf 87' lang='grc' dir='ltr'><strong>τά</strong></span> <span class='ocrx_word' id='word_1_161' title='bbox 463 2445 653 2533; x_wconf 75' lang='grc' dir='ltr'><em>μισθώσιμα</em></span> <span class='ocrx_word' id='word_1_162' title='bbox 675 2449 915 2570; x_wconf 80' lang='grc' dir='ltr'><strong>μισθουμένων</strong></span> <span class='ocrx_word' id='word_1_163' title='bbox 944 2451 1001 2514; x_wconf 87' lang='grc' dir='ltr'><strong>καὶ</strong></span> <span class='ocrx_word' id='word_1_164' title='bbox 1030 2472 1102 2514; x_wconf 88' lang='grc' dir='ltr'><strong>των</strong></span> <span class='ocrx_word' id='word_1_165' title='bbox 1126 2447 1355 2574; x_wconf 80' lang='grc' dir='ltr'><strong><em>ἐγγυωμένων</em></strong></span> 
     </span>
     <span class='ocr_line' id='line_1_22' title="bbox 231 2543 1353 2637; baseline -0.001 -20"><span class='ocrx_word' id='word_1_166' title='bbox 231 2549 290 2629; x_wconf 88' lang='grc' dir='ltr'><strong>τάς</strong></span> <span class='ocrx_word' id='word_1_167' title='bbox 312 2548 451 2637; x_wconf 75' lang='grc' dir='ltr'><strong><em>πράξεις</em></strong></span> <span class='ocrx_word' id='word_1_168' title='bbox 473 2576 487 2617; x_wconf 90' lang='grc' dir='ltr'><strong><em>ε</em></strong></span> <span class='ocrx_word' id='word_1_169' title='bbox 490 2546 558 2618; x_wconf 84' lang='grc' dir='ltr'><strong><em>ῖναι</em></strong></span> <span class='ocrx_word' id='word_1_170' title='bbox 571 2576 613 2634; x_wconf 87' lang='grc' dir='ltr'><strong>τη</strong></span> <span class='ocrx_word' id='word_1_171' title='bbox 597 2548 725 2618; x_wconf 84' lang='grc' dir='ltr'><strong><em>πόλει</em></strong></span> <span class='ocrx_word' id='word_1_172' title='bbox 739 2547 825 2616; x_wconf 88' lang='grc' dir='ltr'><strong><em>κατά</em></strong></span> <span class='ocrx_word' id='word_1_173' title='bbox 840 2543 919 2627; x_wconf 80' lang='grc' dir='ltr'><strong><em>τοὺς</em></strong></span> <span class='ocrx_word' id='word_1_174' title='bbox 933 2543 1060 2636; x_wconf 91' lang='grc' dir='ltr'><strong><em>νόμους</em></strong></span> <span class='ocrx_word' id='word_1_175' title='bbox 1073 2548 1154 2628; x_wconf 81' lang='grc' dir='ltr'><strong><em>τοὺς</em></strong></span> <span class='ocrx_word' id='word_1_176' title='bbox 1170 2552 1353 2636; x_wconf 87' lang='grc' dir='ltr'><strong><em>κειμένους.</em></strong></span> 
     </span>
     <span class='ocr_line' id='line_1_23' title="bbox 230 2653 1352 2738; baseline -0.003 -18"><span class='ocrx_word' id='word_1_177' title='bbox 230 2656 344 2738; x_wconf 90' lang='lat' dir='ltr'><strong>Neque</strong></span> <span class='ocrx_word' id='word_1_178' title='bbox 365 2662 474 2720; x_wconf 89' lang='lat' dir='ltr'><strong>tamen</strong></span> <span class='ocrx_word' id='word_1_179' title='bbox 497 2655 556 2719; x_wconf 92' lang='lat' dir='ltr'><strong>hoo</strong></span> <span class='ocrx_word' id='word_1_180' title='bbox 578 2674 704 2736; x_wconf 93' lang='lat' dir='ltr'><strong>quoque</strong></span> <span class='ocrx_word' id='word_1_181' title='bbox 727 2661 913 2736; x_wconf 86' lang='lat' dir='ltr'><strong>argumento</strong></span> <span class='ocrx_word' id='word_1_182' title='bbox 936 2661 1094 2720; x_wconf 88' lang='lat' dir='ltr'><strong>oratorem</strong></span> <span class='ocrx_word' id='word_1_183' title='bbox 1117 2653 1262 2720; x_wconf 91' lang='lat' dir='ltr'><strong>hocloco</strong></span> <span class='ocrx_word' id='word_1_184' title='bbox 1280 2673 1352 2718; x_wconf 91' lang='lat' dir='ltr'><strong>cum</strong></span> 
     </span>
     <span class='ocr_line' id='line_1_24' title="bbox 231 2755 1355 2842; baseline -0.002 -22"><span class='ocrx_word' id='word_1_185' title='bbox 231 2756 314 2820; x_wconf 84' lang='lat' dir='ltr'><strong>fr</strong></span> <span class='ocrx_word' id='word_1_186' title='bbox 262 2763 335 2821; x_wconf 93' lang='lat' dir='ltr'><strong>ucu</strong></span> <span class='ocrx_word' id='word_1_187' title='bbox 363 2756 409 2820; x_wconf 92' lang='lat' dir='ltr'><strong>uti</strong></span> <span class='ocrx_word' id='word_1_188' title='bbox 437 2756 581 2842; x_wconf 91' lang='lat' dir='ltr'><strong>potuisse</strong></span> <span class='ocrx_word' id='word_1_189' title='bbox 609 2759 780 2838; x_wconf 91' lang='lat' dir='ltr'><strong>quisquam</strong></span> <span class='ocrx_word' id='word_1_190' title='bbox 810 2756 949 2839; x_wconf 82' lang='lat' dir='ltr'><strong>negabit.</strong></span> <span class='ocrx_word' id='word_1_191' title='bbox 1002 2755 1110 2834; x_wconf 82' lang='lat' dir='ltr'><strong>Quid?</strong></span> <span class='ocrx_word' id='word_1_192' title='bbox 1146 2755 1232 2838; x_wconf 91' lang='lat' dir='ltr'><strong>quod</strong></span> <span class='ocrx_word' id='word_1_193' title='bbox 1263 2755 1355 2819; x_wconf 91' lang='lat' dir='ltr'><strong>initio</strong></span> 
     </span>
     <span class='ocr_line' id='line_1_25' title="bbox 231 2850 1357 2978; baseline -0.002 -54"><span class='ocrx_word' id='word_1_194' title='bbox 231 2857 374 2924; x_wconf 87' lang='lat' dir='ltr'><strong>eiusdem</strong></span> <span class='ocrx_word' id='word_1_195' title='bbox 399 2860 500 2978; x_wconf 70' lang='lat' dir='ltr'><strong>partis</strong></span> <span class='ocrx_word' id='word_1_196' title='bbox 523 2868 630 2924; x_wconf 89' lang='lat' dir='ltr'><strong>orator</strong></span> <span class='ocrx_word' id='word_1_197' title='bbox 652 2859 732 2923; x_wconf 85' lang='lat' dir='ltr'><strong>haec</strong></span> <span class='ocrx_word' id='word_1_198' title='bbox 755 2859 855 2935; x_wconf 82' lang='lat' dir='ltr'><strong>verba</strong></span> <span class='ocrx_word' id='word_1_199' title='bbox 877 2866 949 2942; x_wconf 92' lang='lat' dir='ltr'><strong>prot</strong></span> <span class='ocrx_word' id='word_1_200' title='bbox 936 2858 1009 2923; x_wconf 93' lang='lat' dir='ltr'><strong>tulit</strong></span> <span class='ocrx_word' id='word_1_201' title='bbox 996 2858 1115 2944; x_wconf 83' lang='lat' dir='ltr'><strong>t(69.):</strong></span> <span class='ocrx_word' id='word_1_202' title='bbox 1137 2850 1357 2941; x_wconf 73' lang='grc' dir='ltr'><strong><em>πολλαχόθεν</em></strong></span> 
     </span>
     <span class='ocr_line' id='line_1_26' title="bbox 231 2947 1355 3077; baseline 0 -51"><span class='ocrx_word' id='word_1_203' title='bbox 231 2961 291 3077; x_wconf 78' lang='grc' dir='ltr'><strong>μὲν</strong></span> <span class='ocrx_word' id='word_1_204' title='bbox 315 2947 379 3026; x_wconf 80' lang='grc' dir='ltr'><strong>οὖν</strong></span> <span class='ocrx_word' id='word_1_205' title='bbox 402 2954 444 3026; x_wconf 85' lang='grc' dir='ltr'><strong>όιν</strong></span> <span class='ocrx_word' id='word_1_206' title='bbox 461 2985 510 3038; x_wconf 87' lang='grc' dir='ltr'><strong>τις</strong></span> <span class='ocrx_word' id='word_1_207' title='bbox 533 2959 602 3045; x_wconf 83' lang='grc' dir='ltr'><strong><em>έχοι</em></strong></span> <span class='ocrx_word' id='word_1_208' title='bbox 616 2984 721 3027; x_wconf 88' lang='grc' dir='ltr'><strong><em>τουτο</em></strong></span> <span class='ocrx_word' id='word_1_209' title='bbox 747 2954 926 3041; x_wconf 74' lang='grc' dir='ltr'><strong>διδάσκειν,</strong></span> <span class='ocrx_word' id='word_1_210' title='bbox 948 2957 1088 3046; x_wconf 89' lang='grc' dir='ltr'><strong><em>μάλιστα</em></strong></span> <span class='ocrx_word' id='word_1_211' title='bbox 1112 2959 1146 3024; x_wconf 82' lang='grc' dir='ltr'><strong>δὲ</strong></span> <span class='ocrx_word' id='word_1_212' title='bbox 1167 2951 1230 3025; x_wconf 88' lang='grc' dir='ltr'><strong>τόν</strong></span> <span class='ocrx_word' id='word_1_213' title='bbox 1246 2956 1355 3044; x_wconf 92' lang='grc' dir='ltr'><strong><em>νόμον</em></strong></span> 
     </span>
     <span class='ocr_line' id='line_1_27' title="bbox 232 3053 1355 3180; baseline -0.001 -52"><span class='ocrx_word' id='word_1_214' title='bbox 232 3053 272 3128; x_wconf 82' lang='grc' dir='ltr'><strong>όν</strong></span> <span class='ocrx_word' id='word_1_215' title='bbox 294 3064 426 3129; x_wconf 82' lang='grc' dir='ltr'><strong><em>τέθεικε</em></strong></span> <span class='ocrx_word' id='word_1_216' title='bbox 450 3061 617 3146; x_wconf 76' lang='grc' dir='ltr'><strong><em>διεξιων.</em></strong></span> <span class='ocrx_word' id='word_1_217' title='bbox 652 3062 722 3130; x_wconf 80' lang='grc' dir='ltr'><strong><em>’έστι</em></strong></span> <span class='ocrx_word' id='word_1_218' title='bbox 744 3060 805 3180; x_wconf 89' lang='grc' dir='ltr'><strong>γάρ</strong></span> <span class='ocrx_word' id='word_1_219' title='bbox 829 3055 870 3129; x_wconf 75' lang='lat' dir='ltr'><strong>oui</strong></span> <span class='ocrx_word' id='word_1_220' title='bbox 893 3060 932 3129; x_wconf 87' lang='grc' dir='ltr'><strong>τό</strong></span> <span class='ocrx_word' id='word_1_221' title='bbox 954 3087 1015 3141; x_wconf 94' lang='grc' dir='ltr'><strong><em>μεν</em></strong></span> <span class='ocrx_word' id='word_1_222' title='bbox 1036 3053 1142 3128; x_wconf 83' lang='grc' dir='ltr'><strong><em>αότου</em></strong></span> <span class='ocrx_word' id='word_1_223' title='bbox 1128 3065 1273 3140; x_wconf 86' lang='grc' dir='ltr'><strong><em>καλως</em></strong></span> <span class='ocrx_word' id='word_1_224' title='bbox 1289 3063 1355 3127; x_wconf 87' lang='grc' dir='ltr'><strong><em>κεί-</em></strong></span> 
     </span>
     <span class='ocr_line' id='line_1_28' title="bbox 231 3155 1357 3251; baseline -0.002 -21"><span class='ocrx_word' id='word_1_225' title='bbox 231 3188 343 3250; x_wconf 90' lang='grc' dir='ltr'><strong><em>μενον,</em></strong></span> <span class='ocrx_word' id='word_1_226' title='bbox 374 3157 414 3229; x_wconf 89' lang='grc' dir='ltr'><strong>τό</strong></span> <span class='ocrx_word' id='word_1_227' title='bbox 445 3165 481 3230; x_wconf 84' lang='grc' dir='ltr'><strong>δὲ</strong></span> <span class='ocrx_word' id='word_1_228' title='bbox 510 3164 752 3251; x_wconf 81' lang='grc' dir='ltr'><strong>ἡμαρτημένον,</strong></span> <span class='ocrx_word' id='word_1_229' title='bbox 784 3156 856 3230; x_wconf 89' lang='grc' dir='ltr'><strong>άλλ</strong></span> <span class='ocrx_word' id='word_1_230' title='bbox 880 3157 960 3241; x_wconf 84' lang='grc' dir='ltr'><strong><em>ὅλος</em></strong></span> <span class='ocrx_word' id='word_1_231' title='bbox 990 3161 1068 3246; x_wconf 74' lang='grc' dir='ltr'><strong>ἐξ</strong></span> <span class='ocrx_word' id='word_1_232' title='bbox 1048 3169 1163 3249; x_wconf 83' lang='grc' dir='ltr'><strong><em>αρχῆς,</em></strong></span> <span class='ocrx_word' id='word_1_233' title='bbox 1188 3155 1265 3229; x_wconf 84' lang='grc' dir='ltr'><strong>άπὸ</strong></span> <span class='ocrx_word' id='word_1_234' title='bbox 1288 3168 1357 3250; x_wconf 86' lang='grc' dir='ltr'><strong>τῆς</strong></span> 
     </span>
     <span class='ocr_line' id='line_1_29' title="bbox 230 3256 1357 3354; baseline -0.004 -20"><span class='ocrx_word' id='word_1_235' title='bbox 230 3291 387 3354; x_wconf 85' lang='grc' dir='ltr'><strong><em>πρωτης</em></strong></span> <span class='ocrx_word' id='word_1_236' title='bbox 423 3272 623 3352; x_wconf 82' lang='grc' dir='ltr'><strong><em>συλλαβῆς</em></strong></span> <span class='ocrx_word' id='word_1_237' title='bbox 660 3268 768 3353; x_wconf 88' lang='grc' dir='ltr'><strong><em>μέχρι</em></strong></span> <span class='ocrx_word' id='word_1_238' title='bbox 805 3270 876 3352; x_wconf 89' lang='grc' dir='ltr'><strong>τῆς</strong></span> <span class='ocrx_word' id='word_1_239' title='bbox 907 3269 1154 3346; x_wconf 84' lang='grc' dir='ltr'><strong><em>τελευταίας,</em></strong></span> <span class='ocrx_word' id='word_1_240' title='bbox 1191 3257 1242 3349; x_wconf 80' lang='grc' dir='ltr'><strong>ἐφ’</strong></span> <span class='ocrx_word' id='word_1_241' title='bbox 1276 3256 1357 3351; x_wconf 86' lang='grc' dir='ltr'><strong><em>υμῖν</em></strong></span> 
     </span>
     <span class='ocr_line' id='line_1_30' title="bbox 231 3367 1356 3454; baseline -0.004 -19"><span class='ocrx_word' id='word_1_242' title='bbox 231 3371 362 3436; x_wconf 74' lang='lat' dir='ltr'><strong>astruo?</strong></span> <span class='ocrx_word' id='word_1_243' title='bbox 407 3371 486 3437; x_wconf 79' lang='lat' dir='ltr'><strong>Cum</strong></span> <span class='ocrx_word' id='word_1_244' title='bbox 519 3371 634 3453; x_wconf 89' lang='lat' dir='ltr'><strong>quibus</strong></span> <span class='ocrx_word' id='word_1_245' title='bbox 664 3370 769 3436; x_wconf 88' lang='lat' dir='ltr'><strong>verbis</strong></span> <span class='ocrx_word' id='word_1_246' title='bbox 800 3370 992 3437; x_wconf 85' lang='lat' dir='ltr'><strong>conferenda</strong></span> <span class='ocrx_word' id='word_1_247' title='bbox 1024 3377 1098 3434; x_wconf 91' lang='lat' dir='ltr'><strong>sunt</strong></span> <span class='ocrx_word' id='word_1_248' title='bbox 1125 3368 1205 3435; x_wconf 85' lang='lat' dir='ltr'><strong>haec</strong></span> <span class='ocrx_word' id='word_1_249' title='bbox 1228 3367 1261 3454; x_wconf 66' lang='grc' dir='ltr'><strong>(β</strong></span> <span class='ocrx_word' id='word_1_250' title='bbox 1280 3368 1356 3454; x_wconf 86' lang='grc'>71.);</span> 
     </span>
     <span class='ocr_line' id='line_1_31' title="bbox 232 3462 1356 3556; baseline -0.002 -20"><span class='ocrx_word' id='word_1_251' title='bbox 232 3470 375 3556; x_wconf 80' lang='grc' dir='ltr'><strong><em>ἐπίσχες·</em></strong></span> <span class='ocrx_word' id='word_1_252' title='bbox 406 3462 527 3538; x_wconf 85' lang='grc' dir='ltr'><strong><em>αότίκα</em></strong></span> <span class='ocrx_word' id='word_1_253' title='bbox 557 3468 619 3556; x_wconf 83' lang='grc' dir='ltr'><strong>γάρ</strong></span> <span class='ocrx_word' id='word_1_254' title='bbox 648 3463 730 3537; x_wconf 78' lang='grc' dir='ltr'><strong><em>καθ’</em></strong></span> <span class='ocrx_word' id='word_1_255' title='bbox 753 3468 895 3537; x_wconf 77' lang='grc' dir='ltr'><strong><em>ἕκαστον</em></strong></span> <span class='ocrx_word' id='word_1_256' title='bbox 917 3462 1117 3556; x_wconf 81' lang='grc' dir='ltr'><strong><em>άναγνυόσει,</em></strong></span> <span class='ocrx_word' id='word_1_257' title='bbox 1145 3477 1177 3536; x_wconf 89' lang='lat' dir='ltr'><strong>ct</strong></span> <span class='ocrx_word' id='word_1_258' title='bbox 1204 3490 1245 3536; x_wconf 88' lang='lat' dir='ltr'><strong>ca</strong></span> <span class='ocrx_word' id='word_1_259' title='bbox 1272 3489 1356 3553; x_wconf 86' lang='lat' dir='ltr'><strong>quae</strong></span> 
     </span>
     <span class='ocr_line' id='line_1_32' title="bbox 232 3562 1356 3660; baseline -0.002 -21"><span class='ocrx_word' id='word_1_260' title='bbox 232 3575 446 3660; x_wconf 72' lang='lat' dir='ltr'><strong>insra§l&#39;10.</strong></span> <span class='ocrx_word' id='word_1_261' title='bbox 472 3575 635 3658; x_wconf 86' lang='lat' dir='ltr'><strong>leguntur:</strong></span> <span class='ocrx_word' id='word_1_262' title='bbox 665 3570 883 3659; x_wconf 89' lang='grc' dir='ltr'><strong><em>πανταχόθεν</em></strong></span> <span class='ocrx_word' id='word_1_263' title='bbox 911 3575 974 3658; x_wconf 83' lang='grc' dir='ltr'><strong>μὲν</strong></span> <span class='ocrx_word' id='word_1_264' title='bbox 1001 3576 1120 3639; x_wconf 87' lang='grc' dir='ltr'><strong><em>τοίνυν</em></strong></span> <span class='ocrx_word' id='word_1_265' title='bbox 1151 3569 1252 3657; x_wconf 82' lang='grc' dir='ltr'><strong><em>δῆλός</em></strong></span> <span class='ocrx_word' id='word_1_266' title='bbox 1282 3562 1356 3638; x_wconf 78' lang='grc' dir='ltr'><strong><em>ἐσθ’</em></strong></span> 
     </span>
     <span class='ocr_line' id='line_1_33' title="bbox 234 3668 1355 3762; baseline -0.004 -20"><span class='ocrx_word' id='word_1_267' title='bbox 234 3668 288 3742; x_wconf 87' lang='grc' dir='ltr'><strong>ότι</strong></span> <span class='ocrx_word' id='word_1_268' title='bbox 309 3669 404 3742; x_wconf 76' lang='grc' dir='ltr'><strong><em>ταῦτ’</em></strong></span> <span class='ocrx_word' id='word_1_269' title='bbox 428 3674 572 3762; x_wconf 71' lang='grc' dir='ltr'><strong><em>ἔγραψεν</em></strong></span> <span class='ocrx_word' id='word_1_270' title='bbox 588 3673 838 3756; x_wconf 80' lang='grc' dir='ltr'><strong><em>ἐπιβουλεύσας,</em></strong></span> <span class='ocrx_word' id='word_1_271' title='bbox 860 3677 916 3758; x_wconf 88' lang='grc' dir='ltr'><strong>καὶ</strong></span> <span class='ocrx_word' id='word_1_272' title='bbox 932 3669 1015 3760; x_wconf 86' lang='grc' dir='ltr'><strong><em>μετά</em></strong></span> <span class='ocrx_word' id='word_1_273' title='bbox 1028 3679 1092 3742; x_wconf 74' lang='grc' dir='ltr'><strong>τοῦ</strong></span> <span class='ocrx_word' id='word_1_274' title='bbox 1108 3672 1355 3756; x_wconf 84' lang='grc' dir='ltr'><strong><em>βουλεύσασθαι</em></strong></span> 
     </span>
     <span class='ocr_line' id='line_1_34' title="bbox 232 3769 1355 3864; baseline -0.003 -19"><span class='ocrx_word' id='word_1_275' title='bbox 232 3771 328 3846; x_wconf 56' lang='grc' dir='ltr'><strong><em>ταῦτ)</em></strong></span> <span class='ocrx_word' id='word_1_276' title='bbox 359 3771 466 3846; x_wconf 85' lang='grc' dir='ltr'><strong><em>άδικεῑ</em></strong></span> <span class='ocrx_word' id='word_1_277' title='bbox 494 3781 550 3844; x_wconf 84' lang='grc' dir='ltr'><strong>καί</strong></span> <span class='ocrx_word' id='word_1_278' title='bbox 580 3770 622 3845; x_wconf 88' lang='grc' dir='ltr'><strong>οό</strong></span> <span class='ocrx_word' id='word_1_279' title='bbox 652 3776 767 3864; x_wconf 81' lang='grc' dir='ltr'><strong><em>γνώμη</em></strong></span> <span class='ocrx_word' id='word_1_280' title='bbox 797 3774 1000 3864; x_wconf 82' lang='grc' dir='ltr'><strong><em>διαμαρτών,</em></strong></span> <span class='ocrx_word' id='word_1_281' title='bbox 1026 3769 1168 3863; x_wconf 88' lang='grc' dir='ltr'><strong><em>μάλιστα</em></strong></span> <span class='ocrx_word' id='word_1_282' title='bbox 1190 3769 1268 3844; x_wconf 79' lang='grc' dir='ltr'><strong><em>δ’ἐκ</em></strong></span> <span class='ocrx_word' id='word_1_283' title='bbox 1290 3780 1355 3843; x_wconf 82' lang='grc' dir='ltr'><strong>τοῦ</strong></span> 
     </span>
     <span class='ocr_line' id='line_1_35' title="bbox 234 3876 1354 3968; baseline -0.005 -20"><span class='ocrx_word' id='word_1_284' title='bbox 234 3878 346 3948; x_wconf 90' lang='grc' dir='ltr'><strong><em>πάντα</em></strong></span> <span class='ocrx_word' id='word_1_285' title='bbox 361 3879 424 3948; x_wconf 86' lang='grc' dir='ltr'><strong>τόν</strong></span> <span class='ocrx_word' id='word_1_286' title='bbox 441 3877 546 3967; x_wconf 89' lang='grc' dir='ltr'><strong><em>νόμον</em></strong></span> <span class='ocrx_word' id='word_1_287' title='bbox 561 3883 672 3968; x_wconf 91' lang='grc' dir='ltr'><strong><em>μέχρι</em></strong></span> <span class='ocrx_word' id='word_1_288' title='bbox 694 3885 763 3968; x_wconf 80' lang='grc' dir='ltr'><strong>τῆς</strong></span> <span class='ocrx_word' id='word_1_289' title='bbox 786 3876 956 3967; x_wconf 84' lang='grc' dir='ltr'><strong><em>ὑστάτης</em></strong></span> <span class='ocrx_word' id='word_1_290' title='bbox 978 3883 1176 3963; x_wconf 72' lang='grc' dir='ltr'><strong><em>συλλαβῆς</em></strong></span> <span class='ocrx_word' id='word_1_291' title='bbox 1191 3884 1354 3947; x_wconf 79' lang='grc' dir='ltr'><strong><em>τοιοῦτον</em></strong></span> 
     </span>
     <span class='ocr_line' id='line_1_36' title="bbox 232 3979 1353 4067; baseline -0.006 -17"><span class='ocrx_word' id='word_1_292' title='bbox 232 3979 326 4050; x_wconf 84' lang='grc' dir='ltr'><strong><em>εἶναι.</em></strong></span> <span class='ocrx_word' id='word_1_293' title='bbox 371 3986 485 4067; x_wconf 88' lang='lat' dir='ltr'><strong>Neque</strong></span> <span class='ocrx_word' id='word_1_294' title='bbox 515 3991 623 4049; x_wconf 90' lang='lat' dir='ltr'><strong>tamen</strong></span> <span class='ocrx_word' id='word_1_295' title='bbox 646 3991 751 4048; x_wconf 90' lang='lat' dir='ltr'><strong>utrum</strong></span> <span class='ocrx_word' id='word_1_296' title='bbox 780 3989 888 4048; x_wconf 87' lang='lat' dir='ltr'><strong>orator</strong></span> <span class='ocrx_word' id='word_1_297' title='bbox 910 4002 950 4048; x_wconf 87' lang='lat' dir='ltr'><strong>ex</strong></span> <span class='ocrx_word' id='word_1_298' title='bbox 973 3984 1083 4048; x_wconf 89' lang='lat' dir='ltr'><strong>ultimo</strong></span> <span class='ocrx_word' id='word_1_299' title='bbox 1106 3984 1187 4066; x_wconf 83' lang='lat' dir='ltr'><strong>legis</strong></span> <span class='ocrx_word' id='word_1_300' title='bbox 1211 3982 1353 4049; x_wconf 90' lang='lat' dir='ltr'><strong>membro</strong></span> 
     </span>
     <span class='ocr_line' id='line_1_37' title="bbox 231 4084 1352 4170; baseline -0.007 -17"><span class='ocrx_word' id='word_1_301' title='bbox 231 4088 275 4153; x_wconf 84' lang='lat' dir='ltr'><strong>ad</strong></span> <span class='ocrx_word' id='word_1_302' title='bbox 297 4095 397 4152; x_wconf 88' lang='lat' dir='ltr'><strong>totam</strong></span> <span class='ocrx_word' id='word_1_303' title='bbox 420 4090 522 4169; x_wconf 83' lang='lat' dir='ltr'><strong>legem</strong></span> <span class='ocrx_word' id='word_1_304' title='bbox 546 4086 797 4170; x_wconf 85' lang='lat' dir='ltr'><strong>impugnandam</strong></span> <span class='ocrx_word' id='word_1_305' title='bbox 821 4084 972 4151; x_wconf 91' lang='lat' dir='ltr'><strong>hocloco</strong></span> <span class='ocrx_word' id='word_1_306' title='bbox 994 4085 1167 4151; x_wconf 89' lang='lat' dir='ltr'><strong>utilitatem</strong></span> <span class='ocrx_word' id='word_1_307' title='bbox 1190 4084 1352 4170; x_wconf 88' lang='lat' dir='ltr'><strong>percipere</strong></span> 
     </span>
     <span class='ocr_line' id='line_1_38' title="bbox 233 4185 1352 4273; baseline -0.006 -19"><span class='ocrx_word' id='word_1_308' title='bbox 233 4188 450 4273; x_wconf 88' lang='lat' dir='ltr'><strong>supersederit</strong></span> <span class='ocrx_word' id='word_1_309' title='bbox 464 4207 572 4269; x_wconf 87' lang='lat' dir='ltr'><strong>neone,</strong></span> <span class='ocrx_word' id='word_1_310' title='bbox 595 4207 652 4270; x_wconf 90' lang='lat' dir='ltr'><strong>pro</strong></span> <span class='ocrx_word' id='word_1_311' title='bbox 669 4192 755 4252; x_wconf 89' lang='lat' dir='ltr'><strong>certo</strong></span> <span class='ocrx_word' id='word_1_312' title='bbox 770 4185 926 4268; x_wconf 88' lang='lat' dir='ltr'><strong>affirmari</strong></span> <span class='ocrx_word' id='word_1_313' title='bbox 941 4193 1053 4271; x_wconf 89' lang='lat' dir='ltr'><strong>potest,</strong></span> <span class='ocrx_word' id='word_1_314' title='bbox 1074 4187 1262 4270; x_wconf 90' lang='lat' dir='ltr'><strong>praesertim</strong></span> <span class='ocrx_word' id='word_1_315' title='bbox 1282 4204 1352 4270; x_wconf 89' lang='lat' dir='ltr'><strong>cum</strong></span> 
     </span>
    </p>
   </div>
   <div class='ocr_carea' id='block_1_3' title="bbox 0 0 1482 4824">
    <p class='ocr_par' dir='ltr' id='par_1_4' title="bbox 0 0 1482 4824">
     <span class='ocr_line' id='line_1_39' title="bbox 0 0 1482 4824; baseline 0 0"><span class='ocrx_word' id='word_1_316' title='bbox 0 0 1482 4824; x_wconf 95' lang='lat' dir='ltr'><strong> </strong></span> 
     </span>
    </p>
   </div>
  </div>
 </body>
</html>
