2954 4824
205 359 223 420 8

204 532 309 592 orator
336 526 493 610 proponit,
515 547 532 591 e
556 526 670 608 quibus
694 524 839 609 partibus
864 525 999 608 priorem
1024 525 1113 590 dere
1136 525 1223 608 ipsa,
1246 543 1325 606 quae
1359 581 1362 588 .

203 631 236 692 in
259 629 409 694 iudicium
433 630 554 712 veniat,
586 629 720 693 alteram
745 629 785 692 de
816 628 950 704 ratione,
982 647 1047 709 qua
1078 646 1151 692 reus
1181 628 1214 690 in
1238 647 1326 711 repu-

206 730 291 795 blica
321 743 466 796 versatus
497 731 549 812 sit,
590 731 656 795 fore
693 730 857 813 promittit.
908 729 1027 792 Prioris
1063 736 1169 793 autem
1200 729 1326 793 illorum

204 833 344 899 locorum
368 835 482 916 verba,
506 835 566 898 etsi
589 835 657 898 eius
680 834 794 916 partis,
825 833 865 895 ad
890 851 986 913 quam
1010 831 1183 915 pertinent,
1206 840 1328 896 senten-

203 936 292 1006 tiam,
314 955 471 1000 summam
505 956 568 999 non
603 937 648 999 ita
681 934 830 999 distincte
872 935 1066 1016 exprimunt,
1106 940 1214 998 tamen
1249 935 1329 998 satis

203 1039 368 1121 perspicuo
391 1039 544 1114 indicant,
576 1058 640 1102 rem
673 1037 740 1102 fore
762 1037 803 1101 de
833 1037 969 1119 legibus,
1000 1043 1129 1119 propter
1151 1039 1233 1118 quas
1256 1057 1329 1102 reus

204 1140 405 1204 damnandus
433 1142 488 1221 sit3
518 1160 593 1203 nam
618 1140 791 1205 secundum
812 1139 901 1221 leges
918 1137 1039 1202 iudices
1055 1139 1230 1203 sententias
1246 1139 1328 1203 ferre

204 1242 371 1307 debebant.
414 1243 527 1324 Neque
549 1249 656 1306 tamen
681 1261 752 1306 eam
776 1241 815 1304 ob
839 1259 904 1305 rem
929 1241 1064 1305 recitare
1092 1241 1143 1305 vel
1165 1241 1328 1324 explicare

206 1344 296 1425 leges
320 1345 359 1408 de
381 1345 505 1426 integro
523 1343 662 1408 Diodoro
686 1363 766 1426 opus
787 1351 868 1423 erat,
892 1344 947 1407 sed
965 1343 1168 1407 Euctemonis
1191 1343 1329 1407 orationi

202 1446 331 1511 adicere
370 1452 494 1508 tantum
532 1465 615 1526 quae
652 1446 768 1510 idonea
802 1445 993 1509 viderentur.
1049 1443 1152 1521 Quam
1187 1465 1263 1508 vero
1297 1446 1328 1508 in

202 1549 391 1612 sententiam
424 1569 494 1612 oum
525 1548 608 1611 buno
639 1549 757 1631 locum,
788 1549 827 1612 de
859 1566 921 1628 quo
954 1547 1046 1610 modo
1079 1547 1231 1628 diximus,
1261 1553 1327 1610 tum

200 1657 298 1714 totam
323 1651 569 1733 propositionem
593 1650 695 1733 accipi
726 1657 832 1713 orator
870 1648 954 1730 velit,
984 1649 1125 1712 maxime
1156 1633 1328 1712 ostendunt

203 1772 242 1816 ea
274 1753 385 1856 verba,
416 1771 497 1833 quae
529 1753 677 1816 contiuuo
701 1750 821 1836 ιιιξι.
844 1756 1033 1832 sequuntur:
1064 1751 1252 1874 apocopae·
1267 1748 1327 1815 τὸν

202 1856 285 1918 νθῦν
323 1877 372 1928 Οίς
411 1854 491 1938 ἐρῶ
531 1878 563 1917 W
609 1845 813 1929 άκθῐῦανῖδς
847 1876 927 1936 splot)
963 1877 1048 1936 προς
1082 1848 1224 1916 ὃκαῦτθν
1258 1857 1328 1918 w3v

202 1951 271 2021 oab
294 1949 429 2021 τούτου·
446 1955 689 2042 ῥηθησομένων
712 1948 805 2040 ε’χηθ
832 1950 1084 2040 ὑπολαμβάιιιν
1107 1946 1128 2018 ἃ
1151 1955 1209 2019 δεῖ.
1255 1954 1328 2033 Qui-

201 2060 259 2125 bus
291 2081 329 2125 cx
360 2059 465 2124 verbis
495 2059 746 2123 luculentissime
783 2065 931 2142 apparet,
952 2056 1049 2123 nibil
1085 2057 1146 2121 nisi
1178 2058 1327 2139 rationes,

202 2163 317 2245 quibus
341 2182 427 2226 reum
460 2183 588 2226 usurum
610 2181 691 2242 ¹esse
722 2161 879 2244 suspicari
910 2161 1018 2240 liceat,
1058 2167 1153 2224 antea
1185 2161 1326 2225 refutan-

204 2266 278 2328 dum
302 2264 462 2348 suscipere
486 2271 653 2329 oratorem.
690 2265 778 2328 Nihil
801 2264 899 2346 igitur
916 2263 1005 2326 aliud
1021 2264 1082 2327 bac
1097 2268 1165 2328 tota
1181 2265 1326 2330 oratione

200 2367 460 2450 exspectabimus
489 2386 586 2448 quam
616 2366 875 2447 confutationem,
897 2385 981 2447 quae
1008 2365 1094 2448 apud
1110 2371 1235 2430 veteres
1259 2366 1325 2432 rhe-

198 2476 282 2533 tores
313 2469 499 2550 vocabatur,
532 2487 628 2549 quam
669 2468 797 2550 quidem
831 2467 1081 2534 confutationem
1111 2469 1198 2552 prior
1236 2476 1325 2534 actor

197 2573 372 2637 Euctemon
402 2578 458 2636 aut
489 2573 601 2655 plane
618 2570 764 2635 omisisse
788 2577 844 2635 aut
867 2571 1029 2635 levissime
1051 2572 1194 2653 tetigisse
1217 2572 1325 2636 existi-

201 2676 336 2739 mandus
365 2681 421 2740 est.
465 2672 568 2751 Quam
591 2693 666 2738 vero
697 2681 781 2738 recte
811 2673 1041 2737 confutationis
1072 2681 1221 2737 naturam
1254 2696 1325 2740 cum

200 2777 352 2842 orationis
374 2776 467 2842 buius
491 2777 660 2841 universus
683 2777 808 2841 babitus
831 2782 898 2839 tum
930 2776 1127 2859 singularum
1151 2778 1324 2859 particula·

197 2901 264 2944 rum
289 2880 527 2945 coniunctiones
549 2886 730 2961 sequantur,
754 2878 973 2944 demonstrare
996 2886 1137 2943 nostrum
1162 2879 1231 2945 erit.

283 2981 347 3067 ξι).
370 2983 478 3046 sturm
502 2983 545 3046 ad
556 2983 753 3148 priorem
743 2983 898 3047 orationis
929 3001 989 3066 par
991 2989 1068 3099 tem,
1098 3002 1182 3064 quae
1212 2991 1262 3048 est
1285 2986 1323 3051 de

199 3182 244 3265 εἷς
266 3211 328 3272 μιν
343 3181 385 3251 ὃν
400 3187 503 3251 οἴεται
518 3209 678 3270 τιχνικιιις
701 3183 786 3270 ἔχειν
809 3181 902 3272 αὐτῷ
926 3184 1024 3271 λόγος
1046 3189 1202 3272 περὶτοῦ
1219 3181 1321 3275 ἄπρο-

197 3285 391 3370 βουλιύτου
449 3288 602 3354 Videmus
625 3290 710 3353 nullo
735 3291 851 3355 artiore
875 3291 1001 3354 vinculo
1025 3291 1227 3356 coniunctam
1252 3312 1321 3358 esse

198 3393 280 3457 hano
302 3398 427 3476 partem
444 3413 514 3457 cunr
538 3391 801 3456 antecedentibus
822 3392 928 3456 verbis
944 3398 1042 3474 atque
1064 3412 1174 3457 carcre
1190 3396 1320 3459 exordio

196 3496 367 3580 communi,
398 3496 486 3559 nulla
515 3494 674 3560 mentione
704 3496 806 3578 facta,
837 3516 934 3576 quam
959 3515 1025 3562 rem
1050 3495 1110 3560 bac
1140 3504 1207 3561 tote
1229 3504 1320 3580 parte

196 3599 374 3682 principali,
390 3618 483 3680 quarn
501 3597 630 3680 orditur,
653 3604 847 3662 tractaturus
863 3599 911 3663 sit.
946 3599 1051 3664 Verba
1067 3601 1151 3663 enim
1167 3619 1217 3682 ea,
1239 3619 1319 3683 quae

196 3699 290 3764 modo
313 3701 421 3784 attuli,
451 3701 493 3765 ad
522 3700 659 3784 primam
690 3700 911 3764 tantummodo
941 3703 1059 3784 legem,
1089 3696 1318 3784 contraquam

195 3823 267 3868 reus
291 3805 486 3887 peccaverit,
509 3803 683 3886 pertinent,
714 3823 777 3866 non
800 3803 842 3866 ad
873 3810 971 3868 totam
996 3811 1134 3887 partem,
1166 3809 1318 3886 quaeest

194 3906 235 3971 de
257 3907 382 3989 legibus
398 3924 418 3968 ι
434 3925 486 3970 reo
504 3905 643 3969 violatis.
687 3905 799 3986 Neque
814 3904 911 3971 babet
929 3909 997 3986 hoc,
1020 3905 1081 3970 etsi
1097 3907 1316 3989 neglegentius

193 4029 263 4076 esse
286 4009 424 4090 videtur,
455 4007 640 4090 quidquam,
663 4007 749 4089 quod
776 4008 938 4091 miremur,
961 4008 1038 4090 quia
1064 4010 1159 4092 plane
1188 4028 1317 4074 consuc-

194 4111 297 4177 tudini
325 4110 525 4176 refutationis
550 4111 727 4193 respondet.

278 4214 363 4278 Dicit
385 4219 492 4278 eutem
515 4217 661 4295 §fu-7.
683 4215 724 4278 do
747 4214 850 4297 prima
872 4214 955 4298 lege,
985 4234 1050 4296 qua
1082 4215 1204 4279 nullam
1228 4235 1317 4298 roga·

195 4318 314 4381 tionem
339 4316 379 4378 ad
403 4315 555 4399 populum
578 4315 652 4380 ferri
681 4317 813 4398 licebat,
841 4318 902 4382 nisi
933 4324 1030 4382 antea
1054 4337 1073 4382 a
1097 4324 1210 4382 senatu
1236 4338 1317 4384 oom-
