2998 4826
684 425 916 477 ·-22-

240 589 344 640 testem
364 584 477 654 quidem
497 583 585 639 fuisse
605 585 641 640 de
660 590 843 652 testamento,
869 599 922 638 nec
940 588 1036 638 tamen
1056 583 1210 653 quidquam
1229 585 1304 639 certi
1329 585 1372 638 de
1394 601 1428 638 eo

241 692 323 760 scire,
342 697 374 745 ut
392 691 533 746 iudicibus
553 691 742 760 suspicionem
765 695 967 751 testamentum
986 689 1115 744 Pusionis
1140 689 1237 744 fictum
1263 707 1337 746 esse
1368 707 1429 744 mo-

240 799 360 866 veret1).
403 799 492 853 Recte
511 799 600 868 igitur
619 815 650 853 se
669 798 777 854 habent
799 799 897 866 verba,
923 799 1026 868 quibus
1053 799 1203 867 exponitur
1224 797 1428 867 Stephanum,

241 921 303 960 cnm
324 922 359 961 ex
379 905 548 961 Phormione
567 907 633 961 vivo
658 905 758 960 audita
783 921 834 974 pro
860 906 1020 959 testimonio
1046 905 1164 973 dixerit,
1191 909 1291 960 eontra
1321 905 1428 974 legem

240 1018 378 1068 testatum
398 1019 428 1068 et
445 1014 501 1068 iam
521 1015 557 1068 ob
577 1013 606 1068 id
625 1014 719 1082 ipsum
737 1011 802 1066 falsi
821 1012 975 1067 testimonii
994 1011 1154 1068 convictum
1178 1027 1242 1066 esse
1265 1013 1314 1080 (ἓὲ
1339 1012 1429 1078 6-8,

241 1121 301 1192 10);
323 1121 415 1176 otiosa
434 1126 530 1176 autem
549 1121 669 1176 habebis
688 1121 778 1176 verba
797 1120 918 1175 oratoris
937 1154 971 1162 -
991 1121 1069 1174 cuius
1088 1123 1133 1173 est
1151 1119 1274 1186 probare
1289 1118 1429 1189 Stepha·
1484 1191 1485 1198 ἵ

240 1245 306 1282 num
325 1228 389 1283 fulsi
409 1228 562 1282 testimonii
582 1228 735 1282 obnoxium
756 1243 819 1282 esse
838 1258 882 1296 —,
907 1227 1010 1296 quibus
1034 1227 1180 1281 contendit
1203 1226 1428 1294 PhormIonem,
1482 1235 1483 1298 l

241 1352 303 1390 cunr
324 1335 470 1404 Stephano
490 1352 526 1390 ex
546 1352 579 1390 eo
600 1335 699 1390 audita
718 1339 825 1389 testato
846 1335 898 1390 sibi
918 1335 972 1404 ipsi
992 1335 1073 1390 testis
1095 1333 1190 1402 suerit,
1214 1335 1297 1402 leges
1323 1335 1427 1389 viola-
1482 1311 1485 1372 l

239 1442 315 1496 visse
334 1443 376 1513 (ἓξ
396 1442 504 1509 9-10).
540 1442 681 1497 Vitiosum
708 1446 752 1496 est
777 1441 877 1510 etiam,
903 1441 980 1510 quod
1005 1443 1065 1509 lex,
1091 1457 1175 1510 quarn
1200 1442 1271 1511 §10
1295 1442 1426 1498 recitari
1484 1435 1485 1486 l

239 1547 327 1618 iubet,
347 1548 415 1602 nihil
435 1549 511 1602 aliud
531 1549 584 1603 nisi
605 1548 831 1603 adversariorum
852 1549 971 1603 alterurn
992 1547 1072 1602 alteri
1092 1546 1192 1601 testari
1210 1549 1335 1618 vetat²)‚
1484 1523 1485 1545 Χ

327 1657 366 1711 Ut
384 1655 524 1710 iudicibus
542 1655 751 1725 persuadeatur
771 1655 976 1724 Apollodorum
1002 1671 1095 1724 neque
1118 1671 1135 1708 a
1154 1653 1325 1710 Phormione
1345 1673 1423 1726 pro·
1484 1626 1485 1678 ¹

238 1767 371 1817 vocatum
394 1779 466 1832 esse,
485 1769 518 1816 ut
537 1763 667 1818 Pasionis
687 1768 889 1819 testamentum
910 1764 1049 1833 aperiret,
1071 1778 1162 1832 neque
1182 1761 1211 1815 id
1230 1763 1345 1830 aperire
1367 1780 1422 1817 no-

237 1871 333 1944 luisse,
363 1886 396 1924 eo
426 1874 560 1938 spectant
588 1871 686 1938 verba,
715 1886 790 1940 quae
819 1871 952 1939 leguntur
979 1871 995 1940 ξ
1021 1871 1068 1938 11,
1096 1868 1219 1937 tabulas,
1246 1869 1276 1922 in
1304 1871 1420 1938 quibus
1484 1821 1485 1876 ¹

238 1976 587 2046 stephanitestimonium
607 1975 744 2044 seriptum
764 1977 809 2044 sit,
830 1977 943 2031 albatus
962 1975 1203 2044 concinnatasque
1223 1990 1296 2043 esse,
1318 1977 1418 2044 quali·
1484 2010 1485 2063 ι

235 2084 290 2138 bus
315 2085 478 2138 testimonia
498 2083 572 2137 domi
593 2081 723 2137 confecta
747 2083 862 2138 inscribi
889 2083 1014 2150 soleant,
1042 2099 1098 2136 non
1119 2085 1245 2148 ceratas,
1274 2082 1418 2150 qualibus

237 2190 400 2244 testimonia
419 2191 455 2245 de
473 2191 727 2259 provocationibus
747 2189 862 2244 inscribi
882 2189 1042 2248 conveniat.
1079 2190 1168 2243 Porro
1182 2194 1283 2243 auctor
1303 2191 1418 2244 oratio·
1484 2197 1485 2232 l

237 2298 280 2352 nis
299 2298 459 2357 XXXXVI.
479 2299 630 2353 Pasiouem
655 2297 768 2366 legibus
795 2301 997 2352 testamentum
1024 2296 1147 2352 condere
1172 2296 1293 2350 vetitum
1319 2295 1415 2350 fuisse

237 2405 433 2460 demonstrare
459 2405 556 2460 studet
585 2405 627 2476 (ἐξ
655 2405 688 2457 12
716 2407 836 2472 praru).
875 2403 956 2467 Quod
981 2405 1004 2458 si
1029 2420 1130 2458 revera
1155 2403 1418 2473 comprobavissct,
1482 2384 1485 2467 J

237 2510 305 2565 nihil
323 2512 498 2566 ostendisset
523 2511 608 2580 aliud,
634 2527 719 2580 quam
745 2514 947 2566 testamentum
969 2511 1061 2582 patris
1081 2512 1186 2566 actoris
1203 2511 1314 2565 irritum
1335 2525 1413 2564 esse.
1482 2558 1485 2583 ,

236 2617 434 2672 Phormionem
452 2617 540 2686 igitur
558 2617 661 2685 petivit
681 2633 800 2686 eamque
820 2618 857 2673 ob
878 2633 994 2672 causam
1015 2622 1192 2686 argumenta,
1212 2633 1286 2686 quae
1303 2611 1419 2672 attulit*

235 2725 328 2779 otiosa
347 2723 481 2779 habenda
506 2725 611 2792 sunti).
648 2698 808 2779 Verisimile
833 2729 910 2778 certe
933 2724 1107 2779 reddidisset
1126 2723 1275 2778 Pasiouem
1300 2725 1414 2779 nullum

236 2835 437 2886 testamentum
458 2829 570 2900 fecisse,
590 2831 614 2884 si
633 2847 696 2885 euru
714 2830 802 2885 talem
822 2829 910 2884 luisse
929 2829 1068 2886 hominem
1088 2831 1240 2899 docuisset,
1259 2831 1309 2900 qui
1327 2832 1416 2902 leges
1483 2789 1485 2882 l

238 2937 423 3006 neglecturus
442 2953 497 2991 non
510 2935 619 2996 suisset.
645 2937 767 2990 Primum
782 2942 877 2990 autem
891 2936 1064 2992 credendum
1078 2954 1141 2992 esse
1154 2939 1244 3006 negat
1257 2938 1413 2992 Pasionem

238 3043 414 3110 Phormioni,
443 3059 505 3096 cum
532 3043 681 3111 ignoraret
706 3057 768 3095 eum
794 3040 855 3097 fore
875 3042 1094 3112 Atheniensem,
1126 3044 1237 3112 legibus
1262 3043 1413 3112 despectis

238 3164 356 3203 uxorem
370 3163 450 3202 suam
464 3148 619 3214 (mulierem
633 3147 850 3218 Atheniensem)
863 3155 1035 3206 testamento
1048 3150 1196 3219 reliquisse
1209 3149 1235 3219 (ξ
1251 3149 1301 3216 13).
1327 3149 1412 3203 Duas

237 3254 282 3309 hic
302 3253 479 3310 desiderabis
497 3271 557 3310 res:
584 3262 613 3310 et
634 3258 737 3324 legem,
763 3271 799 3310 ex
818 3271 875 3325 qua
894 3256 1072 3311 manifestum
1092 3255 1143 3310 fiat
1161 3254 1275 3309 Pusioni
1300 3271 1358 3310 non
1377 3256 1409 3309 li·

238 3361 329 3415 cuisse
349 3359 519 3430 Phormioni,
539 3379 601 3416 cum
621 3363 745 3418 nondum
766 3362 835 3417 civis
855 3367 940 3431 esset,
965 3379 1080 3417 uxorem
1100 3367 1272 3444 testamento
1297 3363 1410 3432 dere4),
1484 3331 1485 3350 .

237 3473 267 3521 et
285 3466 485 3536 testimonium,
504 3484 561 3538 quo
580 3485 697 3525 uxorem
717 3471 847 3536 Pasionis
866 3473 957 3526 civem
976 3439 1181 3536 Atheniensem
1199 3468 1286 3525 fuisse
1306 3469 1409 3526 confir·

237 3579 336 3629 metur.
374 3575 467 3631 Valde
487 3593 542 3646 ego
561 3594 671 3645 vereor,
690 3585 723 3632 ut
742 3579 848 3632 oratori
867 3577 1058 3632 testimonium
1078 3575 1278 3645 suppeditarit.
1306 3577 1408 3644 Neque

237 3681 310 3735 enim
335 3683 421 3736 ullum
446 3683 588 3738 invenitur
610 3684 744 3740 iudicium
768 3686 796 3740 iu
821 3684 924 3740 ceteris
949 3683 1139 3752 orationibus,
1164 3697 1221 3751 quo
1240 3681 1406 3751 Archippen

326 3825 347 3892 ¹)
367 3823 409 3883 Cf.
429 3825 573 3894 Lortzing.
592 3826 610 3884 l.
630 3827 648 3885 l.
666 3843 694 3895 p.
716 3827 758 3886 79.

325 3913 349 3980 ²)
369 3911 411 3972 Cf.
430 3913 521 3972 Blass.
540 3915 558 3968 l.
578 3914 595 3969 l.
614 3931 643 3983 p.
661 3915 723 3973 474.

325 4002 348 4066 ³)
367 4001 455 4056 Recte
481 4003 516 4058 A.
537 4001 649 4063 Schaei.
674 4021 702 4072 p.
722 4004 786 4057 174:
814 4002 968 4069 ,nunmehr
987 4003 1103 4058 wendet
1117 4020 1148 4058 er
1166 4002 1225 4058 sich
1250 4001 1402 4058 wiederum

237 4105 333 4158 gegen
352 4089 528 4150 Phormion!

325 4180 349 4248 ⁴)
369 4176 410 4238 Cf.
429 4179 502 4233 LlX.
523 4179 565 4249 17,
584 4179 620 4234 A.
634 4179 743 4235 Schaei.
763 4198 792 4249 p.
811 4182 862 4235 176
881 4187 941 4240 not.
958 4180 985 4245 4,
1004 4182 1097 4240 Lortz.
1116 4198 1143 4250 p.
1156 4181 1198 4236 85.

1482 4405 1485 4590 l

458 4656 773 4796 hu·
