2998 4826
613 401 788 454 ..27-

207 559 233 625 1)
252 558 420 614 testimoniis
438 558 492 614 τῶν
509 555 612 614 δόντων
629 554 660 611 τὸ
680 554 818 632 ἀργύριον,
845 554 885 620 οἷς
910 549 989 622 οὗτος
1006 563 1144 625 ἐκέλευσεν,
1170 558 1224 616 ἀπὸ
1242 563 1295 628 rire

112 669 243 738 τραπέζης
264 671 309 718 καὶ
334 666 538 738 ἐπικαθημένων
561 669 589 734 (ξ
613 668 648 721 33
671 668 716 722 cll.
738 669 768 736 ἐξ
792 668 835 736 18,
859 668 904 736 42,
928 668 973 736 43,
990 669 1036 737 44)
1062 670 1133 740 §33
1156 671 1291 741 prolatis,

114 773 220 841 quibus
238 773 306 827 nihil
324 772 402 828 uliud
421 772 581 828 confirmari
599 775 702 843 potuit,
728 791 813 843 quom
839 775 914 830 illam
937 777 1088 844 pecuniam
1107 778 1156 846 eis,
1181 778 1293 846 quibus.

112 881 281 936 Timotheus
300 881 390 949 iussit,
409 881 531 935 solutum
551 896 614 937 esse
628 898 748 951 eumque
768 899 804 938 ex
816 883 945 938 Pusionis
957 883 1105 940 voluntate
1124 885 1290 940 debitorem·

108 990 281 1058 inscriptum
300 1005 373 1049 esse.

203 1098 231 1164 2)
249 1097 310 1151 iure
329 1096 463 1166 iurando,
486 1096 563 1166 quod
583 1097 789 1166 Apollodorum
809 1097 947 1152 obtulisse
974 1104 1070 1153 orator
1095 1099 1127 1169 ἐξ
1146 1099 1181 1152 42
1201 1103 1231 1154 et
1248 1099 1293 1154 65-

109 1204 196 1272 dicit,
228 1220 285 1272 quo
313 1209 440 1259 actorem
469 1219 503 1258 ec
529 1204 723 1273 potissimum,
751 1220 871 1273 quorum
899 1205 948 1259 vix
975 1205 1107 1260 Phormio
1137 1207 1285 1276 ceterique

107 1311 262 1365 numularii
281 1315 372 1365 testes
391 1327 455 1365 esse
480 1316 650 1380 potuerunt,
672 1313 762 1366 veluti
781 1311 959 1366 Timotheum
978 1313 1128 1367 Pesionem
1154 1313 1208 1367 sibi
1233 1328 1291 1381 pe-·

110 1417 224 1471 cuniam
244 1403 366 1472 mutuari
385 1417 511 1482 iussisse,
529 1419 716 1487 probaturum
734 1417 821 1474 fuisse
840 1420 1008 1488 putaverim.

201 1527 229 1593 3)
248 1524 376 1592 Periclis,
389 1524 556 1594 Apollodori
568 1524 673 1594 fratris,
687 1527 857 1596 testimonio,
877 1542 933 1596 quo
946 1527 1095 1581 Pusionem
1115 1527 1289 1583 morientem·

109 1629 192 1700 filios,
211 1630 280 1699 quid
294 1630 347 1685 sihi
361 1629 523 1698 deberetur,
543 1630 674 1686 docuisse
688 1633 900 1688 demonstretur
912 1633 938 1703 (ᾗ
951 1633 1005 1701 42),
1019 1632 1154 1702 quodque
1167 1633 1291 1688 levioris.

110 1738 246 1794 momenti
267 1753 330 1792 esse
348 1738 415 1791 inde
435 1738 571 1807 sequitur,
591 1739 667 1807 quod
680 1739 807 1794 Pasicles
826 1743 908 1808 patre
921 1739 1046 1794 obeunte
1060 1739 1143 1794 modo
1157 1740 1201 1794 sui
1212 1741 1291 1796 iuris„

108 1843 205 1900 factus
226 1827 327 1912 erat¹).

199 1952 229 2020 4)
249 1951 421 2020 Antiphanis
446 1952 615 2020 testimonio,
640 1953 717 2020 quod
736 1951 930 2021 Apollodorus
951 1969 982 2007 se
1001 1952 1196 2020 praebiturum
1217 1968 1291 2008 esse·

105 2059 263 2128 pollicetur
282 2061 324 2126 (ἓξ
339 2059 463 2128 tsi-21),
482 2064 514 2113 ut
527 2058 673 2113 evincatur
686 2059 864 2114 Timotheum
878 2061 914 2115 ab
929 2075 962 2114 eo
975 2059 1003 2112 in
1018 2057 1150 2112 Calauria
1169 2058 1283 2112 100οὼ-

106 2170 271 2219 mutuatum
291 2180 354 2219 esse
374 2169 403 2218 et
421 2164 495 2218 hanc
512 2165 660 2233 pecuniam
680 2165 839 2236 Philippum
863 2181 880 2220 a
899 2165 1021 2220 Pusione
1041 2164 1196 2233 accepisse.

200 2273 229 2340 5)
249 2271 439 2326 Timosthenis
458 2271 702 2341 testimonioque
722 2272 860 2340 probatur
878 2270 944 2326 hnic
962 2287 1014 2340 pro
1039 2270 1150 2325 duobus
1169 2270 1283 2340 phialis,

112 2394 186 2446 quas
204 2379 233 2432 in
251 2378 381 2432 Pasionis
401 2377 566 2447 argenteria
585 2377 759 2445 deposuerat
776 2393 908 2446 quaeque
922 2377 1070 2432 Timotheo
1087 2375 1204 2432 fortuito
1224 2383 1292 2432 tre·

113 2483 192 2538 ditae
212 2489 301 2552 erant,
319 2484 412 2538 237⁶*
428 2483 579 2538 sPssione
598 2488 761 2538 numeratos
776 2499 838 2539 esse
852 2487 878 2548 (ς
891 2483 925 2537 33
939 2483 982 2537 cll.
996 2483 1028 2552 ἐξ
1041 2481 1084 2551 31,
1098 2483 1141 2551 32,
1155 2482 1290 2551 iti-eli.

201 2593 229 2660 6)
248 2590 421 2644 Testimonio
440 2589 529 2658 ipsius
548 2590 713 2658 adversarii,
735 2605 791 2659 qno
810 2589 885 2644 hunc
904 2589 1078 2644 concessisse
1099 2588 1285 2643 confirmatur

108 2698 190 2766 ligno
216 2715 234 2752 a
257 2697 396 2752 Philondc
420 2701 559 2751 convecta
581 2700 614 2751 ut
638 2712 690 2751 sus
715 2695 743 2750 in
768 2712 836 2751 sues
859 2696 946 2752 cedes
970 2697 1082 2764 perlate
1107 2710 1170 2748 esse
1197 2695 1222 2764 (ξ
1244 2696 1290 2750 33:

107 2805 142 2860 cl.
161 2805 179 2875 ξ
198 2804 254 2875 34).

186 2911 227 2982 Ι7)
247 2910 338 2965 tribus
358 2910 547 2980 argumentis:
567 2911 718 2965 Pusioncm
737 2910 824 2979 ligna,
844 2908 1042 2978 siPhilondce,
1062 2924 1117 2963 non
1129 2909 1286 2978 Timothei,

108 3015 239 3084 fuissent,
265 3033 320 3070 non
339 3023 489 3085 passurum
507 3015 602 3071 tuisse
614 3033 650 3071 ex
668 3023 753 3086 portu
772 3016 836 3072 vehi
854 3017 897 3085 (ςὲ
916 3017 952 3072 35
971 3022 1000 3070 et
1018 3017 1074 3086 36),
1100 3016 1287 3073 Timotheum

108 3125 162 3178 illis
181 3123 268 3192 lignis
288 3123 325 3177 cd
338 3124 426 3178 sedes
439 3140 506 3178 suus
524 3123 718 3179 aedificandas
731 3141 813 3179 usum
829 3139 892 3180 esse
912 3126 938 3195 (ξ
951 3125 1005 3194 36),
1024 3101 1164 3179 neminem
1178 3125 1278 3180 testori

109 3247 210 3285 cusum
230 3246 293 3284 esse
306 3230 472 3286 Philondcnr
486 3230 634 3287 Timotheo
648 3232 767 3287 ahsente
781 3232 894 3286 naulum
907 3231 1048 3300 lignorum
1062 3248 1117 3286 non
1132 3231 1289 3300 accepisse-

109 3338 154 3392 vel
174 3338 260 3392 alium
279 3338 421 3406 quendum
440 3338 494 3394 hoc
512 3339 684 3409 pependisse
707 3340 749 3410 (§§
768 3339 893 3408 37-41).

197 3444 331 3512 Magnum
347 3450 467 3513 ¹partem
493 3445 627 3525 orationis
649 3445 809 3500 XXXXIX.
830 3447 927 3514 explet
951 3444 1086 3501 refutatio
1112 3445 1279 3501 adversarii.

108 3550 161 3614 Qui
180 3539 301 3618 primum
321 3551 509 3606 contenderat
528 3553 636 3606 135161·
655 3553 699 3606 2⁰·
715 3567 771 3606 non
790 3568 830 3621 se,
844 3535 1125 3622 'sedilnunucnum
1145 3557 1289 3620 praesto.
1352 3619 1353 3622 Ἴ

107 3673 166 3712 rem
187 3673 277 3726 suum,
298 3658 449 3712 oPssione
469 3664 627 3714 mutuatum
642 3675 706 3714 esso
725 3659 804 3730 (§44.
824 3659 881 3727 idle
899 3661 950 3730 ἔφη
969 3659 1092 3714 δανεῖσαι
1110 3655 1158 3715 τὸν
1176 3664 1284 3733 surripis
1312 3659 1314 3664 '

105 3758 267 3834 Ἀιτιμὰχῳ
290 3769 335 3816 καὶ
355 3759 403 3816 oriz
422 3760 502 3825 αὐτὸς
520 3769 628 3835 λαβεῖν).
665 3766 745 3820 Haec
769 3782 837 3820 vera
861 3781 925 3822 esse
949 3772 1046 3820 orator·
1071 3771 1174 3834 negat,
1200 3766 1287 3835 quod'.

105 3960 159 4014 463
184 3975 285 4028 proxx.
324 3957 366 4018 Cf.
392 3959 476 4014 etism
502 3960 537 4014 A.
557 3960 694 4029 Philippi:
725 3961 820 4016 Ueher
845 3961 892 4015 die
916 3960 1171 4016 Demosthenische
1197 3962 1287 4018 Rede-

108 4064 203 4117 gegen
224 4047 390 4103 Timotheus
409 4049 448 4118 (in
467 4051 560 4104 annal.
579 4049 647 4120 phil.
666 4056 696 4106 ct
713 4050 798 4119 pued.
817 4050 871 4109 rol.
890 4051 924 4105 93
942 4067 1032 4120 pagg.
1051 4052 1212 4120 oli-oue).

196 4147 217 4215 ¹)
238 4144 280 4200 cf.
299 4147 393 4200 Lortz.
412 4163 439 4214 p.
458 4147 502 4216 42,
521 4148 613 4207 Blass.
631 4165 659 4216 p.
679 4148 740 4204 465.
