2998 4826
735 453 911 506 ,10-

235 624 323 675 quam
343 608 508 666 Phaselitae
534 612 620 667 alteri
647 610 759 666 cuidam
783 611 960 680 (Antipatro)
985 627 1038 681 pro
1063 612 1185 682 pignore
1211 612 1439 680 supposuerint

234 729 291 782 quo
312 716 348 772 ab
369 732 403 771 eo
421 719 571 786 pecuniam
585 723 711 773 mutuam
724 724 869 773 sumerent
887 720 913 786 (5
927 720 981 788 32),
1001 735 1108 788 eosque
1121 735 1238 788 merces,
1258 735 1335 788 quos
1356 734 1438 787 non,

235 822 376 893 Athenas,
396 825 447 879 sed
467 825 658 880 Theodosium
679 827 789 880 recturi
808 824 914 881 fuerint
933 830 959 896 (5
978 827 1039 898 325
1058 843 1151 896 neque
1171 827 1245 880 enim
1265 842 1302 880 ex
1314 827 1433 880 ·Ponto

235 929 366 986 Athenas
385 933 481 1002 vinum
500 934 592 988 solere
615 933 773 1002 importari,
798 935 967 1002 praesertim
987 934 1076 989 Coum
1096 935 1195 1002 (535).
1232 933 1336 1002 Neque
1358 940 1435 988 tan-

234 1043 294 1091 tum
315 1040 449 1094 mercium
468 1039 555 1096 fuisse
574 1041 602 1094 in
622 1057 696 1096 nave
722 1041 875 1110 deperdita
900 1047 996 1097 orator
1020 1041 1103 1110 dicit,
1129 1046 1266 1110 quantum
1287 1057 1325 1094 ex
1355 1058 1434 1096 con-

234 1151 329 1200 tractu
347 1147 441 1202 inesse
461 1147 560 1202 debuit
586 1148 612 1214 (5
631 1149 675 1206 32.
706 1143 777 1201 τότ’
798 1144 923 1222 οἰνάριον
946 1144 977 1202 τὸ
999 1149 1082 1217 Κῷον
1106 1144 1271 1218 ὀγδοήκοντα
1298 1144 1433 1221 στάμνοι

235 1249 399 1320 ἐξεστηκότος
417 1259 500 1316 oiror,
526 1259 570 1306 καὶ
595 1250 624 1306 τὲ
644 1250 760 1326 τάριχος
785 1255 846 1310 coll.
867 1256 1035 1310 testimoniis
1061 1261 1092 1321 §5
1111 1257 1146 1310 33
1166 1260 1195 1310 et
1213 1255 1249 1308 34
1272 1254 1431 1323 prolatis).

235 1361 307 1414 Tum
326 1361 457 1415 Lacritus
477 1361 623 1416 obiecerat
643 1359 760 1415 fratrem
780 1362 918 1432 reliquam
936 1363 1086 1432 pecuniam
1104 1363 1279 1417 naviculario
1301 1362 1428 1417 cuidam

234 1468 263 1521 in
288 1469 381 1522 Ponto
406 1472 532 1522 mutuam
558 1466 672 1521 dedisse
698 1483 751 1522 nec
775 1469 904 1538 recipere
929 1471 1058 1538 potuisse
1083 1473 1109 1537 (5
1134 1471 1188 1539 36).
1225 1471 1286 1524 Hoc
1313 1475 1425 1524 eontra

235 1579 412 1629 contractum
432 1573 538 1629 factum
559 1591 622 1630 osse
635 1581 733 1630 orator
747 1581 843 1631 monet
862 1579 888 1645 (5
898 1579 952 1645 37).
982 1576 1039 1633 Sed
1053 1577 1249 1632 adversarium
1262 1577 1424 1631 mentitum

235 1697 298 1736 esse
318 1698 374 1736 non
395 1682 582 1736 demonstrat.

325 1787 406 1852 Quod
426 1788 552 1843 secundo
572 1789 635 1844 loco
655 1790 800 1844 Lacritum
821 1791 849 1844 in
870 1791 1040 1859 exceptione
1060 1789 1217 1845 affirmasse
1235 1805 1324 1857 supra
1345 1790 1422 1858 dixi,

235 1910 266 1948 se
285 1894 474 1949 hereditatem
493 1895 632 1950 bonorum
651 1896 817 1952 Artemonis
840 1898 1006 1967 repudiare,
1032 1903 1131 1952 contra
1156 1896 1185 1951 id
1211 1902 1309 1950 orator
1335 1899 1420 1952 nulio

234 2007 309 2056 teste
329 2003 467 2057 arcessito
486 2002 553 2056 nihii
573 2003 649 2058 aliud
670 2003 798 2072 dictitat,
824 2021 909 2073 quam
929 2021 1007 2059 reum
1027 2003 1142 2058 fratrem
1158 2003 1328 2082 ¹Artemonis
1349 2021 1419 2060 esse

234 2111 277 2176 (55
297 2109 322 2176 3,
341 2108 366 2176 4,
387 2109 429 2177 16,
447 2110 503 2178 49),
529 2110 623 2164 omnia
643 2127 660 2164 a
680 2109 769 2164 fratre
789 2110 950 2166 hereditate
969 2110 1070 2166 relicta
1088 2115 1120 2164 ut
1139 2126 1192 2164 sua
1211 2109 1417 2164 administrare

234 2219 277 2282 (55
296 2217 322 2286 4,
340 2217 385 2286 44,
403 2217 458 2287 49),
484 2218 521 2272 ab
541 2219 611 2286 aliis,
638 2218 661 2271 si
687 2219 750 2287 quis
770 2217 850 2272 fratri
870 2217 1005 2272 defuncto
1025 2217 1133 2287 debuit,
1158 2217 1257 2271 debita
1277 2219 1416 2286 exegisse

234 2327 260 2389 (5
283 2324 337 2393 44).
383 2325 490 2390 Quibus
518 2325 614 2380 verbis
644 2324 711 2378 nihil
740 2325 922 2396 tribuendum
951 2341 1014 2380 osse
1043 2325 1127 2378 etiam
1155 2324 1222 2378 inde
1250 2325 1415 2380 luculenter

235 2437 366 2500 apparet,
387 2431 464 2500 quod
483 2433 560 2486 nulla
580 2447 669 2486 causa
688 2431 846 2500 probabilis
867 2433 988 2501 cogitari
1000 2436 1107 2501 potest,
1127 2448 1176 2485 cur
1189 2431 1309 2484 Artemo
1323 2431 1417 2501 Apol-

234 2537 363 2593 lodorum
383 2537 499 2592 fratrem
522 2537 683 2593 hereditate
704 2538 892 2606 excluserit1).

324 2665 405 2718 Nunc
424 2663 581 2731 videamus,
602 2663 705 2733 quibus
724 2669 878 2732 praeterea
897 2664 1069 2719 adiumentis
1089 2670 1184 2719 orator
1204 2663 1240 2718 ad
1259 2679 1319 2718 rem
1339 2663 1415 2718 iudi·
1484 2695 1485 2734 ,

234 2771 315 2826 cibus
340 2757 518 2840 probandam
544 2776 649 2824 utatur.
686 2772 785 2840 Atque
809 2771 929 2840 primum
955 2771 1070 2840 quidem
1095 2770 1167 2825 haec
1191 2768 1252 2826 fere
1278 2770 1361 2826 dicit:
1387 2771 1413 2824 si

233 2877 394 2934 Androcles
413 2877 562 2932 Artemoni
587 2878 736 2946 pecuniam
763 2878 897 2946 deberet,
924 2882 1001 2932 certe
1027 2895 1089 2933 eam
1113 2878 1244 2932 Lacritus
1270 2883 1302 2932 ut
1326 2877 1413 2932 heres

233 2985 416 3040 acerbissime
431 2986 561 3054 exigeret
575 2985 640 3041 etsi
654 2985 814 3040 Androcles
827 2985 855 3038 in
868 2985 1002 3040 iudicium
1018 2990 1138 3040 vocatus
1153 2990 1251 3040 eontra
1264 2985 1409 3039 Lacritum

233 3091 389 3162 exciperet,
408 3093 523 3147 summis
536 3093 582 3148 hic
595 3109 626 3148 sc
639 3093 729 3162 premi
748 3092 855 3146 iniuriis
869 3099 1092 3162 conquereretur
1111 3096 1153 3160 (55
1163 3093 1199 3147 44
1212 3098 1241 3147 ct
1252 3093 1307 3160 45).
1336 3093 1411 3148 Tum

232 3199 392 3268 improbum
413 3200 609 3256 adversarium
630 3215 693 3255 esse
713 3205 805 3268 putat,
825 3200 901 3269 quod
920 3200 1070 3270 iudicibus,
1096 3217 1159 3254 cum
1177 3200 1282 3255 iudicia
1301 3217 1410 3256 meroa-

232 3299 307 3361 toria
333 3313 499 3376 exerceant,
524 3306 700 3376 persuadere
725 3306 810 3375 velit,
839 3312 870 3360 ut
894 3307 971 3361 litem
996 3307 1195 3362 mercatoriam
1221 3306 1275 3361 sibi
1299 3306 1408 3362 intendi

231 3398 421 3469 licitumesse
441 3419 549 3483 negent
569 3415 594 3480 (5
607 3413 653 3483 46)
661 3415 692 3482 ²).
718 3413 866 3468 Postremo
881 3429 916 3467 ex
931 3429 973 3482 eo,
993 3413 1070 3482 qnod
1084 3431 1171 3468 cansa
1184 3430 1240 3468 non
1254 3415 1291 3468 sit
1310 3431 1406 3470 earum

232 3537 392 3590 causarum,
411 3521 439 3575 in
453 3521 555 3590 quibus
569 3519 772 3588 undecemviri,
792 3519 907 3588 archon,
919 3535 979 3585 rex,
992 3521 1201 3590 polemarchus‚
1219 3523 1407 3590 imperatores

231 3628 366 3699 iudicent,
378 3628 459 3698 sequi
469 3629 510 3684 ait
520 3628 596 3697 apud
607 3625 815 3681 thermothetas
826 3643 887 3680 eam
900 3641 963 3682 esse
974 3629 1118 3696 agendam
1128 3630 1170 3696 (55
1180 3630 1306 3700 47-49).
1327 3631 1406 3696 Quae

231 3737 326 3792 omnia
345 3737 413 3792 nihil
433 3753 496 3792 csse
516 3737 567 3791 nisi
586 3736 677 3791 verba
696 3734 794 3802 inepta
814 3740 901 3802 atque
919 3734 1025 3804 inania,
1044 3737 1108 3805 quis
1128 3742 1181 3807 est,
1201 3738 1267 3806 quin
1286 3738 1405 3794 videat?

321 3952 341 4020 ¹)
362 3951 403 4006 cf.
424 3951 480 4006 hui.
501 3952 567 4006 diss.
586 3969 614 4020 p.
634 3951 659 4004 8.

320 4041 343 4110 2)
363 4040 405 4096 Of.
425 4042 516 4096 Blass.
536 4043 554 4100 l.
573 4042 589 4096 l.
610 4057 637 4110 p.
657 4039 710 4094 507
729 4041 787 4092 not.
807 4037 824 4090 2
850 4043 879 4092 et
897 4037 994 4092 Meieri
1020 4044 1050 4093 et
1069 4037 1256 4094 Schoemanni
1281 4057 1326 4111 op.
1345 4045 1402 4101 Der

230 4129 352 4185 attisohe
371 4133 502 4201 Process,
528 4131 604 4200 qnod
624 4128 738 4184 arictum
759 4132 803 4180 est
822 4131 851 4180 et
870 4127 1051 4181 emendatum
1078 4127 1115 4181 ab
1134 4127 1168 4181 H.
1185 4128 1292 4200 Lipsio‚
1311 4149 1337 4201 p.
1351 4135 1401 4190 159

229 4224 287 4273 not.
307 4221 356 4274 2&

462 4504 1148 4822 πα
