2998 4826
749 174 789 234 30

193 367 261 440 post
269 357 470 438 Ctesiphontis
492 351 719 440 προβούλευμα
739 359 829 438 gestis
844 358 928 420 dixit.
971 358 1077 438 Neque
1091 359 1169 420 enim
1189 360 1356 440 quidquam

193 482 302 542 causae
325 460 418 520 fuisse
439 458 586 539 intelligo,
616 480 669 520 cur
689 460 852 521 Aeschines
875 460 1012 522 Sirenum
1033 461 1213 523 mentionem
1234 462 1355 536 faceret,

193 563 252 626 nisi
279 563 304 625 si
332 562 546 624 Demosthenes
575 582 609 623 eo
638 561 728 623 verbo
762 583 834 623 usus
864 571 909 623 est
938 563 1018 643 apud
1048 564 1200 643 iudicesl).
1247 565 1356 643 Neque

193 665 292 748 potuit
319 665 394 740 fieri,
430 665 503 742 quin
530 663 745 725 Demosthenes
773 664 952 725 Aeschinem
982 666 1019 726 de
1045 665 1133 726 rebus
1162 686 1231 726 cum
1262 686 1356 726 causa

193 767 307 830 oranda
327 787 388 828 uon
403 766 573 834 ¹coniunctis
595 766 794 839 disserentem,
816 765 959 826 siminus
980 739 1135 842 refelleret
1163 776 1293 828 atcerte
1314 767 1353 829 ob

194 870 225 931 id
246 871 344 950 ipsum
366 869 548 948 vituperaret
558 870 589 948 ⁸).
632 868 732 944 Quam
754 868 1001 948 vituperationem
1027 868 1168 930 debemus
1197 891 1231 930 eo
1258 871 1353 949 magis

195 981 374 1052 exspectare,
397 970 476 1050 quod
497 969 588 1031 etiam
609 991 645 1031 ea
665 968 765 1043 verba,
788 990 864 1049 quae
876 970 1039 1031 Aeschines
1061 971 1098 1031 de
1119 972 1244 1052 privatis
1265 973 1353 1034 rebus

194 1073 403 1136 Demosthenis
414 1074 436 1153 3)
458 1079 489 1132 et
509 1070 547 1132 de
567 1071 744 1134 Philocratis
766 1094 839 1153 pace
860 1073 1016 1153 fecerat4),
1042 1094 1232 1152 ¹quamquam
1258 1075 1353 1136 multo

194 1178 289 1258 magis
311 1197 380 1238 cum
401 1173 540 1235 universa
569 1194 660 1234 causa
689 1175 897 1249 cohaerebant,
926 1169 1000 1250 τοὺς
1021 1167 1142 1251 ἔξωθεν
1163 1168 1274 1258 λόγους
1293 1177 1354 1238 De·

195 1278 363 1340 mostheues
384 1284 544 1339 vocaverat
554 1277 576 1355 Ι)
599 1285 629 1337 et
650 1270 711 1353 ἔξω
725 1278 782 1362 τῆς
796 1277 919 1363 γραφῆς
939 1298 1002 1338 esse
1017 1278 1174 1356 disereti).
1205 1277 1353 1358 Sequitur,

195 1390 231 1444 ut
250 1390 389 1463 putemus
409 1378 603 1440 Demostheni
624 1379 656 1438 in
678 1380 776 1440 animo
802 1380 894 1440 fuisse
921 1379 995 1441 haec
1023 1400 1140 1460 quoque
1167 1400 1227 1440 non
1254 1380 1353 1441 minus

195 1504 286 1564 quam
308 1491 419 1555 cetera,
452 1502 529 1560 quae
551 1481 632 1560 apud
653 1481 765 1543 iudices
788 1503 825 1543 ex
847 1491 977 1562 tempore
999 1483 1126 1556 dixerat,
1159 1483 1191 1542 in
1213 1483 1353 1563 scriptam

194 1585 357 1648 orationem
377 1583 513 1663 recipere,
535 1583 587 1645 scd
608 1583 711 1664 aliqua
725 1605 823 1659 causa,
846 1585 1003 1665 quominus
1024 1585 1056 1645 id
1076 1585 1194 1659 faceret,
1216 1605 1279 1646 esse
1300 1585 1353 1644 im-

194 1688 329 1770 peditum
342 1689 372 1769 7).
415 1686 503 1762 Quae
524 1705 616 1746 causa
643 1707 703 1748 non
724 1696 769 1749 est
790 1687 919 1748 difficilis
947 1687 1079 1750 inventu.
1122 1690 1202 1750 Nam
1230 1690 1294 1752 viro
1323 1698 1354 1750 et

194 1791 226 1851 in
247 1788 401 1870 republica
420 1787 551 1848 maxime
565 1797 708 1868 occupato
722 1797 759 1863 et
781 1789 806 1849 si
826 1789 884 1850 hac
898 1809 970 1851 voce
985 1790 1029 1851 uti
1050 1789 1127 1870 licet,
1149 1783 1352 1875 ὀλιγογράφῳ

112 1965 115 1972 .
194 1901 268 1973 puto
289 1891 408 1953 omnino
428 1912 484 1952 nec
504 1892 622 1953 licuisse
643 1912 698 1952 nec
718 1891 841 1952 libuisse
862 1892 990 1953 multum
1012 1894 1151 1973 temporis
1180 1894 1353 1955 subtrahere

195 1995 320 2074 negotiis
334 1992 462 2075 publicis
478 2003 508 2055 et
528 1993 727 2055 inscribendo
743 1994 893 2068 collocare,
915 1994 946 2054 id
966 2003 1064 2056 autem
1080 1997 1140 2071 otii,
1163 1997 1353 2076 quantulum·

197 2117 324 2176 cumque
351 2104 427 2171 erat,
457 2097 539 2157 haud
566 2096 661 2157 multo
688 2106 757 2176 post
782 2096 865 2157 litem
892 2097 1132 2178 Ctesiphonteam
1159 2099 1354 2160 Demostheni

195 2199 285 2280 plane
306 2207 439 2278 ereptum
460 2199 578 2261 videtur
600 2220 670 2260 esse.
713 2200 877 2278 Namque,¹
892 2208 927 2260 ut
951 2220 997 2260 res
1021 2201 1147 2261 minores
1168 2221 1248 2261 nunc
1269 2201 1353 2262 omit·

195 2311 266 2377 tam,
292 2301 514 2376 Demosthenes,
542 2323 610 2363 cum
631 2322 750 2363 annona
771 2321 841 2363 cars
861 2309 948 2376 esset,
975 2302 1017 2362 rei
1038 2302 1250 2363 frumentariae
1270 2323 1354 2382 prae-

195 2403 291 2466 fectus
314 2411 359 2464 est
368 2405 404 2485 ⁸),
435 2403 541 2465 deinde
562 2403 709 2464 derebus
731 2405 770 2464 ad
792 2404 964 2484 Harpalum
992 2405 1207 2486 pcrtinentibus
1234 2405 1353 2484 publice

158 2491 162 2498 ’
196 2506 264 2588 egit,
285 2514 389 2586 posteo
403 2495 605 2588 ἇρχιθεώρου
626 2507 745 2567 nomine
757 2505 929 2587 Olympiam
950 2507 1069 2586 publice
1090 2507 1197 2568 missus
1215 2516 1267 2582 est
1288 2515 1352 2568 tum

195 2610 227 2670 in
249 2629 394 2670 carcerem
415 2608 571 2682 coniectus,
601 2607 710 2670 velutsi
730 2610 841 2671 donum
863 2607 901 2670 ab
924 2607 1062 2687 Harpalo
1084 2609 1256 2689 accepisset,
1282 2596 1365 2670 exn-¹

196 2711 292 2773 latum
315 2710 390 2771 abiit
408 2730 446 2771 ex
467 2710 607 2790 patriai),
629 2711 710 2772 haud
732 2711 827 2772 multo
848 2720 916 2790 post
937 2711 1072 2772 civitates
1087 2711 1351 2792 Peloponnesiacos

265 2919 289 2988 1)
308 2917 348 2973 cf.
361 2918 394 2976 A.
407 2913 593 2979 Schseferum
612 2915 660 2982 ΙΙΙ,
679 2918 704 2983 2,
722 2917 769 2969 79:
789 2914 870 2982 „dam
883 2913 1032 2968 Aeschines
1051 2915 1099 2968 ihu
1118 2915 1196 2972 nicht
1214 2915 1348 2985 fingieren

191 3007 328 3062 ·konnte“.
379 3006 407 3074 2)
425 3004 581 3068 Westerm.,
599 3002 677 3056 Rede
688 3021 714 3056 v.
727 3002 775 3055 ΚΓ.
782 3002 801 3070 ⁴,
820 3001 892 3056 Einl.
905 3020 933 3069 p.
947 3005 988 3068 10,
1001 3002 1081 3056 Anm.
1094 3003 1134 3070 (ε
1147 3005 1172 3056 6.
1183 3002 1252 3056 Aufl.
1265 3021 1292 3072 p.
1303 3006 1352 3073 16).

197 3095 286 3150 Multo
303 3092 387 3146 etiam
399 3091 588 3145 vehementius
597 3094 747 3163 propterea
756 3089 877 3144 debebat
887 3089 1085 3144 Demosthenes
1101 3091 1130 3143 in
1140 3092 1239 3145 Aesch.
1252 3093 1353 3160 invehi,

198 3182 273 3252 quod
285 3181 435 3235 Aeschines
448 3178 476 3249 (ᾗ
489 3181 532 3249 54)
552 3195 612 3233 eam
631 3195 748 3244 oausam,
768 3195 822 3245 qua
839 3176 968 3230 decanea
986 3178 1045 3230 illas
1063 3195 1106 3231 res
1120 3185 1353 3246 commemoraret,

198 3271 234 3325 ad
251 3271 341 3339 ipsum
349 3267 564 3322 Demosthenem
578 3265 763 3319 revocandam
781 3281 839 3318 esse
857 3265 1006 3318 simularet.
1054 3266 1081 3334 3)
1100 3267 1198 3320 Aesch.
1218 3270 1233 3320 3
1252 3267 1284 3336 ἐξ
1305 3271 1353 3321 171

198 3375 222 3412 e.
241 3375 267 3426 q.
287 3374 307 3411 s.
377 3357 407 3423 4)
426 3355 524 3409 Aesch.
546 3356 561 3406 3
580 3353 613 3422 ἐξ
633 3355 666 3406 58
689 3369 712 3406 e.
732 3370 758 3421 q.
777 3369 797 3405 s.
863 3353 889 3422 ὅ)
909 3352 986 3405 Deru.
1006 3354 1038 3405 18
1056 3353 1071 3422 §
1090 3355 1114 3407 9.
1179 3356 1206 3420 6)
1226 3356 1303 3409 Dem.
1323 3359 1355 3410 18

198 3443 214 3514 ξ
237 3445 279 3498 34.
350 3443 376 3511 7)
395 3441 436 3497 ef.
460 3439 677 3508 Kirchhoffium‚
701 3457 729 3508 p.
754 3441 796 3494 85.
868 3440 896 3506 8)
917 3439 956 3493 Os.
980 3441 1012 3492 A.
1033 3441 1224 3510 Schaeferum,
1249 3443 1302 3510 111,
1329 3447 1353 3511 2,

198 3533 258 3586 339.
293 3531 426 3584 Preterea
450 3529 597 3583 verisimile
620 3527 650 3581 id
676 3533 730 3595 est,
759 3527 834 3597 quod
860 3529 961 3596 legitur
988 3530 1017 3584 in
1042 3529 1208 3583 Rehdantzii
1234 3530 1355 3584 editione

198 3619 281 3688 (neun
299 3619 419 3686 Philipp.
437 3616 543 3683 Reden,
567 3617 588 3683 Ι,
615 3617 640 3668 7.
658 3615 739 3680 Aufl.,
757 3616 851 3685 Leipz.
872 3618 947 3684 1884,
971 3616 1043 3669 Einl.
1065 3616 1080 3686 ξ
1099 3619 1141 3682 86,
1166 3635 1192 3685 p.
1211 3620 1267 3684 66),
1290 3622 1355 3686 post

198 3707 277 3762 litem
302 3705 528 3775 Ctesiphonteam
554 3704 769 3758 Demosthenem
795 3722 892 3759 revera
919 3704 1002 3758 fuisse
1030 3702 1178 3770 ἐπιστάτην
1205 3701 1274 3756 ὅλων
1298 3709 1352 3758 τῶν

197 3790 375 3864 πραγμάτων.
446 3793 474 3858 9)
494 3793 587 3846 Etiam
611 3794 714 3862 siquis
738 3794 767 3847 in
793 3794 874 3847 exilio
898 3794 964 3847 satis
990 3794 1039 3846 otii
1064 3793 1147 3846 fuisse
1177 3797 1272 3860 putet,
1296 3795 1355 3847 veri

199 3885 294 3936 tamen
314 3883 401 3935 simile
427 3897 484 3934 non
509 3885 551 3936 ost
577 3881 791 3936 Demosthenem
818 3883 904 3935 ullum
930 3882 1029 3934 librum
1058 3898 1150 3934 secum
1179 3897 1213 3932 ex
1239 3882 1354 3950 vinculis

199 3969 352 4025 abstulisse.
389 3968 517 4023 Ceterum
536 3970 595 4038 quis
620 3975 662 4024 est
681 3971 765 4024 animi
793 3975 851 4024 tam
878 3969 992 4036 abiecti,
1019 3973 1051 4022 ut
1073 3985 1105 4021 eo
1131 3972 1272 4036 tempore,
1300 3985 1354 4036 quo

198 4073 333 4112 summum
348 4056 472 4111 taedium
492 4073 506 4110 e
524 4057 607 4110 rebus
620 4057 731 4124 publice
749 4058 834 4127 gestis
854 4057 959 4124 ceperit
970 4056 1062 4124 (Plut.‚
1075 4056 1163 4121 Dem.‚
1182 4057 1234 4124 26),
1250 4057 1354 4128 quippe

199 4145 246 4215 qui
263 4145 365 4199 iniuria
382 4145 419 4198 sit
435 4146 551 4200 obrutus
570 4144 704 4213 (Pansam,
723 4146 757 4212 Π,
775 4147 817 4213 33,
836 4146 853 4197 4
871 4144 947 4211 Belo,
967 4143 1001 4198 ol.
1019 4142 1209 4211 Niebuhrium‚
1229 4143 1264 4196 kl.
1284 4144 1347 4198 hist

379 4370 1019 4756 ιη,

337 4699 472 4756 Μ
610 4619 696 4756 1
