2988 4820
724 445 897 503 -40-

226 611 399 685 διέφθαρται,
412 601 434 663 ῶ
445 603 469 666 δ.
478 609 510 672 δ,,
525 613 570 663 καὶ
588 615 768 685 παραφρονεῖ,
784 609 827 665 52.
835 614 880 664 καὶ
894 601 960 678 αὕτη
970 609 1041 666 ίστὶν
1053 604 1068 678 ἡ
1080 611 1267 682 λυμαινομένη
1280 598 1406 668 ἅπαντας

226 716 298 793 ἡμᾶς
321 724 365 772 καὶ
390 718 507 772 ποιοῦσα
531 721 638 774 τουτονὶ
657 721 803 791 περαιτέρω
821 724 982 790 μαίνεσθαι,
1011 717 1054 772 53.
1074 705 1152 776 οἶτος
1170 713 1257 776 αἴτιός
1276 718 1348 772 ίστιν
1369 747 1404 756 -
1468 723 1469 742 ³

228 823 421 897 ἀναισχυντῶν,
455 825 499 886 54.
517 825 573 884 πῶς
590 821 645 898 γὰρ
664 820 695 877 οὗ
714 831 853 897 μαίνεται,
883 825 925 880 55.
946 814 1024 884 οὗτος
1044 825 1075 878 δὲ
1100 823 1156 884 πῶς
1182 820 1213 876 οὗ
1236 823 1405 894 καταφανῶς

226 940 352 1005 μαίνεται
369 936 415 986 καὶ
433 939 606 1006 παραφρονεῖ
621 930 741 996 τοιαῦτα,
760 931 803 990 56.
822 926 966 1004 Ὀλυμπιὸς
983 930 1071 1005 δωρος
1087 932 1140 1004 μὲν
1156 938 1250 988 τοίνυν
1266 938 1408 985 τοιουτοσί

227 1041 298 1095 ἐστιν
320 1033 468 1112 ἅνθρωπος,
489 1034 521 1092 οδ
540 1034 629 1110 μόνον
655 1032 754 1102 ἄδικος,
782 1034 849 1091 ἀλλὰ
873 1044 918 1092 καὶ
942 1039 1119 1111 μελαγχολᾶν
1143 1019 1239 1103 δοκῶν,
1260 1070 1295 1080 -
1314 1060 1406 1114 παρα-

227 1145 338 1220 φρονῶν
365 1140 400 1206 ῶς
427 1141 517 1204 οὐδεὶς
543 1141 649 1199 πώποτε
676 1141 881 1220 παρεφρόνησεν
909 1141 1071 1218 ἀνθρώπων,
1103 1151 1209 1216 γυναικὶ
1237 1144 1406 1221 πειθόμενος

226 1251 324 1328 πόρνη,
352 1253 512 1312 XXXXVI,
536 1253 562 1311 1.
587 1247 742 1324 πανοῦργός
765 1270 793 1305 τε
814 1248 869 1327 γάρ
894 1253 955 1315 ἔστι,
983 1253 1009 1312 5.
1034 1252 1090 1313 πῶς
1111 1249 1166 1328 γὰρ
1193 1249 1224 1306 οὗ
1247 1254 1406 1327 περιφανῶς

230 1358 409 1432 ἀναισχυντία
429 1360 506 1413 δοκεῖ
523 1354 589 1433 ὑμῖν
607 1359 683 1424 εἶναι,
697 1359 740 1414 25.
760 1361 931 1431 κακοτεχνῶν
949 1361 979 1416 δὲ
998 1366 1094 1434 φαίνει
1109 1393 1150 1425 -,
1170 1365 1289 1419 κλέπτων
1307 1363 1338 1417 δὲ
1354 1359 1406 1424 τὰς

228 1465 335 1536 ἀληθεῖς
359 1474 524 1541 μαρτυρίας,
553 1465 692 1528 ἐξαπατῶν
715 1466 745 1520 δὲ
768 1463 831 1527 τοδς
854 1464 989 1532 δικαστὰς,
1018 1464 1212 1541 συνιστάμενος
1236 1465 1263 1522 δ’
1284 1471 1327 1524 ἐπὶ
1345 1478 1407 1530 ταῖς

228 1579 332 1638 δίκαις,
360 1575 534 1630 XXXXVII.
554 1575 597 1629 31.
623 1574 657 1633 el.
677 1574 719 1628 78.
739 1568 812 1640 δεινὴ
836 1570 891 1649 γὰρ
910 1569 925 1641 ἡ
943 1579 1080 1637 πλεονεξία
1099 1574 1148 1628 τοτ’·
1166 1572 1271 1648 τρόπου
1290 1583 1350 1650 περὶ
1370 1574 1405 1630 τὰ

228 1681 366 1757 διάφορα,
396 1683 438 1741 59.
458 1687 495 1741 είς
512 1681 591 1735 τοῦτο
610 1676 635 1734 δ’
637 1673 721 1748 ἦλθον
739 1688 881 1755 πονηρίας,
910 1682 953 1742 81,
976 1670 1051 1734 οὗτοι
1069 1681 1099 1736 δὲ
1119 1673 1202 1741 οὗτος
1221 1677 1341 1753 ἀσελγεῖς
1357 1690 1404 1736 καὶ

227 1791 364 1864 βδελυροί,
393 1789 554 1844 XXXXIX.
572 1789 599 1848 2.
625 1783 752 1858 ἡγήσεσθε
772 1819 805 1828 -
824 1788 921 1844 τοῦτον
944 1785 970 1842 δ’
990 1784 1021 1842 οὔ
1040 1784 1130 1861 μόνον
1153 1785 1307 1862 ἀχάριστον
1326 1792 1403 1854 εἶναι,

229 1893 295 1951 ἀλλὰ
314 1903 359 1950 καὶ
379 1892 547 1951 εἰδικώτατον
557 1889 668 1951 πάντων
680 1889 837 1968 ἀνθρώπων,
858 1896 901 1951 6'I.
913 1887 995 1955 o‘t'nwc
1009 1890 1139 1963 ἄπληστος
1149 1902 1194 1950 καὶ
1208 1895 1405 1973 αἰσχροκερδὴς

228 2001 361 2080 ὁτρὸπος
380 2000 462 2057 αὐτοῦ
483 2004 565 2066 ίστιν,
594 2004 625 2057 L.
645 2003 687 2062 65.
711 1994 778 2058 ὅταν
796 1996 878 2076 ὁρῶσι
896 2034 930 2044 -·-
949 1999 1015 2076 μήτε
1034 2011 1088 2063 τοῖς
1113 2010 1304 2079 πονηροῖςκαὶ
1326 2001 1403 2059 ἀκοσ-

226 2111 312 2186 μοῦσι
336 2116 470 2186 τιμωρίαν
493 2113 551 2184 παρ
576 2104 665 2182 ὑμῶν,
695 2110 756 2169 LII.
775 2110 818 2169 15.
846 2118 934 2164 καίτοι
959 2102 1027 2164 οἷ’·τω
1049 2113 1118 2172 τινὲς
1141 2107 1322 2182 ἀναίσχυντοί
1346 2118 1403 2174 είσι,

228 2218 303 2278 LIII.
322 2219 348 2278 3.
366 2214 478 2276 τούτους
489 2213 510 2270 τ’
526 2211 722 2276 ἀνοσιωτάτους
735 2212 887 2289 ἀνθρώπων
904 2211 1038 2286 ἡγήσασθε
1053 2217 1135 2282 εἶναι,
1155 2219 1198 2278 26.
1218 2215 1300 2272 Κατὰ
1318 2216 1404 2274 πολλὰ

227 2325 280 2397 μὲν
298 2316 347 2381 οὖν
370 2325 463 2395 ἔμοιγε
488 2324 615 2380 δοκοῦσιν
639 2323 709 2380 εἶναι
735 2320 919 2393 ἀναίσχυντοι.
957 2323 1084 2394 Scriptor
1110 2325 1246 2380 orationis
1267 2326 1344 2386 LIX.
1362 2327 1402 2380 in-

228 2431 339 2486 vehitur
357 2432 386 2487 in
406 2431 581 2502 Stephanum
599 2431 695 2486 verbis
714 2430 772 2486 hie:
791 2431 834 2491 41.
854 2428 1078 2503 συνεσυκοφάντει
1096 2432 1127 2486 δὲ
1145 2437 1190 2485 καὶ
1211 2421 1297 2496 οὗτος,
1316 2433 1360 2488 43.
1371 2425 1404 2499 ἦν

229 2568 263 2577 -
282 2539 320 2591 ἔτι
338 2535 513 2609 συκοφάντης,
532 2538 576 2599 44,
596 2538 772 2609 συκοφαντῶν
790 2571 825 2582 -
842 2545 995 2605 πεποίηκεν,
1017 2540 1060 2594 64.
1079 2543 1225 2608 Σκίηιασθε
1244 2539 1274 2592 δὲ
1293 2544 1340 2592 καὶ
1357 2535 1403 2605 τὴν

230 2645 492 2720 αἰσχροκερδίαν-
511 2650 556 2698 καὶ
580 2641 628 2712 τὴν
649 2652 792 2717 πονηρίαν,
823 2644 864 2705 72.
884 2650 920 2704 είς
938 2645 1067 2701 τοσοῦτον
1085 2637 1183 2718 ὕβρεως
1199 2651 1245 2698 καὶ
1265 2641 1404 2705 ἀναιδείας

228 2747 300 2822 ἦλθε,

319 2859 424 2914 Verum
438 2859 511 2913 haee
523 2858 670 2914 haetenus.
700 2857 867 2913 Ostendisse
880 2858 953 2912 enim
972 2858 1038 2913 mihi
1057 2859 1157 2914 videor
1176 2859 1205 2914 in
1224 2860 1400 2916 orationibus

229 2966 347 3025 XXXV.
367 2966 529 3020 XXXXlH.
549 2966 739 3020 XXXXVIII.
759 2981 883 3020 summos
903 2982 966 3021 esse
986 2967 1106 3021 effeetus
1131 2972 1160 3022 et
1179 2968 1354 3036 compositos
1373 2972 1401 3021 et

231 3072 404 3143 ooneitot0s3
429 3072 520 3126 minus
545 3076 640 3127 autem
661 3071 735 3126 trahi
758 3071 904 3127 auditores
923 3071 961 3126 ad
980 3073 1218 3142 benevolentiam,
1244 3074 1399 3131 miseriem·

230 3178 418 3249 diam,odiu1n
430 3180 458 3233 in
470 3179 650 3234 adversarios
660 3180 688 3234 in
700 3179 876 3234 orationibus
885 3179 1229 3240 XXXXVIXXXXVII.
1239 3181 1398 3236 XXXXIX.

230 3287 261 3344 L.
281 3286 341 3345 LII.
361 3287 437 3346 LIII.
456 3287 530 3346 LIX.

322 3391 378 3448 Sed
391 3393 447 3448 iem
460 3393 529 3449 satis
543 3393 670 3464 setisque
684 3393 720 3450 de
732 3394 895 3450 inventione
908 3395 1107 3467 disson-nimum
1126 3411 1201 3450 nune
1214 3395 1399 3464 disputemus,

230 3504 263 3554 ut
282 3505 344 3556 erat
363 3501 549 3571 propositum,

232 3716 269 3794 B.
310 3717 363 3798 De
393 3719 675 3820 dispositione,
701 3739 806 3820 quae
829 3727 893 3800 est
914 3720 957 3798 in
979 3718 1235 3800 orationibus
1253 3719 1398 3799 XXXV.

378 3842 573 3923 XXXXlll.
601 3843 892 3924 XXXXVl.-L.
920 3843 989 3923 Lll.
1017 3843 1100 3923 Llll.
1128 3842 1245 3924 LIX.¹)

321 3995 529 4055 Primum'mihi
547 4001 683 4070 proposui
703 4001 874 4072 examinare,
900 4018 965 4056 nuni
986 4006 1044 4057 ires
1066 4001 1238 4071 principales
1264 4003 1397 4057 orationis

322 4125 342 4193 ¹)
361 4124 422 4177 Hoe
451 4128 539 4192 eaput
566 4125 764 4192 quaestionum
792 4141 917 4180 meorum
952 4128 1128 4195 perlustrans
1160 4125 1291 4182 conferes
1317 4127 1397 4182 velim

232 4212 405 4270 Volkmanni
423 4212 451 4280 l„
471 4226 518 4283 qn.
530 4210 549 4266 i.
568 4211 602 4270 D.
621 4212 759 4271 Rhetorik
778 4214 804 4278 d.
824 4213 965 4273 Grieehen
985 4232 1012 4277 u.
1029 4215 1160 4288 Roemer,
1179 4215 1256 4290 Lipe.
1275 4216 1351 4279 1872,
