2954 4824
1244 374 1283 434 19

162 561 264 624 usque
287 541 331 606 ad
353 537 461 624 ,οὑγὼ
483 540 586 624 ts'ym‘
609 541 682 606 eicit
704 561 745 606 ex
768 541 1001 623 Androtionea,
1024 561 1127 623 neque
1149 547 1286 624 utroque

162 645 256 708 modo
280 649 366 708 stare
389 645 583 708 sententiam
606 645 719 726 negari
742 650 856 728 potest
900 644 965 709 Sed
987 649 1058 709 uter
1081 663 1192 709 corum
1215 665 1286 728 pro-

162 747 234 830 pius
265 745 307 810 ad
331 747 497 812 veritatem
527 745 711 826 accesserit,
742 743 872 810 difficile
896 753 944 811 est
967 747 1154 812 diiudicatu.
1197 749 1287 813 Alter

162 849 251 913 locus
291 856 340 913 est
370 848 607 913 Androtioneae
637 847 656 933 ξ
681 853 745 930 74.,
776 852 827 913 cui
860 849 1084 914 Timocratcae
1117 850 1289 933 respondet

162 950 181 1038 ξ
200 955 270 1017 177.
303 949 394 1028 Quae
410 951 509 1016 verba
533 956 564 1016 et
586 951 659 1034 ipsa
681 952 713 1015 iu
730 952 950 1016 Androtionea
973 950 1187 1016 intolerabilia
1204 960 1286 1015 sunt.

161 1055 276 1136 Neque
299 1073 374 1119 vero
405 1054 456 1118 hic
484 1055 574 1118 locus
596 1073 685 1118 mera
708 1054 902 1118 correctione
925 1053 1163 1118 Androtioneae
1186 1055 1287 1118 tenori

162 1157 367 1221 accomodari
391 1162 505 1241 potest,
527 1156 585 1221 se'd
608 1161 778 1239 praeterea
798 1175 878 1239 opus
894 1163 943 1219 est
958 1155 1059 1220 eicere
1074 1156 1182 1238 verba,
1204 1175 1287 1238 quae
1371 1205 1373 1210 -

163 1266 249 1325 sunt:
282 1249 403 1324 riot’d
426 1259 487 1342 μὲν
511 1258 616 1323 οἴεται
645 1251 686 1322 δι’
702 1257 835 1322 ἐκεῖνον
861 1249 1029 1342 ὑφ’ὐμαῖν
1059 1254 1287 1342 σωθήσεσθαι,
1403 1296 1407 1304 ·

163 1357 241 1428 ὁδὲ
271 1354 512 1447 παρακάθηται
544 1361 601 1426 καὶ
632 1352 674 1425 oo'
705 1357 906 1426 καταδύεται
934 1373 1007 1438 τοῖς
1033 1361 1287 1446 πεπραγμένοις,

164 1465 249 1549 quod
281 1471 450 1546 utrumque
479 1463 554 1529 fecit
585 1463 756 1528 Nitschius.
807 1464 1031 1548 Spengelius1)
1061 1472 1182 1547 autem,
1216 1467 1288 1529 sim-

162 1568 294 1654 pliciore
327 1568 486 1634 medicina
519 1587 613 1650 usus,
646 1572 745 1631 totum
779 1567 883 1632 locum
918 1573 953 1630 ut
985 1569 1215 1651 interpolatum
1246 1587 1287 1632 ex

164 1672 385 1736 Androtionea
415 1671 497 1736 eicit.
556 1669 635 1734 Mihi
665 1689 740 1734 vero
771 1670 851 1735 haec
885 1689 1011 1752 quoque
1042 1669 1082 1734 lis
1115 1671 1147 1734 in
1181 1671 1287 1735 medio

164 1787 237 1840 esse
260 1773 473 1856 relinquenda
495 1773 628 1838 videtur.

250 1895 426 1975 Postquam
450 1891 696 1977 Demosthenes,
727 1912 792 1974 qua
822 1893 947 1958 ratione
970 1893 1146 1957 Androtion
1177 1895 1210 1957 in
1240 1913 1287 1958 re·

163 1998 294 2083 publica
310 1996 567 2062 administranda
581 2015 659 2060 usus
681 2001 774 2078 esset,
798 1995 957 2078 exposuit,
979 1995 1095 2060 desinit
1118 1997 1219 2060 oratio
1242 1997 1287 2060 in-

163 2105 360 2184 exspectato.
395 2099 493 2164 Deest
509 2100 612 2164 omnis
629 2098 859 2182 recapitulatio,
883 2097 985 2161 omnis
1000 2097 1170 2180 conclusio,
1185 2099 1288 2162 omnis

163 2202 355 2282 adhortatio,
378 2209 409 2266 et
433 2202 602 2284 quaeritur,
626 2207 728 2266 utrum
754 2202 872 2266 fuerint
896 2202 1057 2283 quondam
1080 2201 1157 2265 illae
1179 2209 1288 2285 partes

162 2313 194 2372 et
217 2305 325 2370 nescio
349 2303 508 2386 quomodo
531 2303 725 2388 interierint,
755 2324 797 2367 an
821 2303 980 2368 defuerint
1003 2323 1023 2366 a
1045 2302 1157 2388 primis
1179 2304 1287 2368 initiis.

162 2409 234 2474 lam
258 2409 285 2472 si
309 2427 428 2472 morem
453 2415 484 2472 ct
507 2427 598 2471 usum
622 2407 847 2472 Demosthenis
875 2406 1138 2490 contemplamur,
1167 2407 1287 2471 nullam

162 2513 229 2577 fere
261 2510 348 2576 illius
380 2509 559 2573 orationum
590 2530 629 2574 ac
657 2528 697 2573 ne
720 2499 1009 2592 deuterologiarum
1034 2509 1166 2591 quidam
1190 2509 1287 2574 ullam

163 2633 276 2701 carcre
307 2611 509 2697 peroratione
539 2619 668 2696 praeter
695 2613 872 2676 orationem
895 2612 928 2674 in
951 2609 1120 2676 Onetorem
1144 2610 1287 2676 habitam

118 2702 122 2713 ’
164 2717 302 2782 alteram
325 2713 513 2778 invenimus.
551 2711 599 2778 Ob
617 2733 713 2795 quam
729 2733 826 2776 unam
843 2713 1018 2778 orationem
1037 2711 1180 2777 Blassius
1196 2719 1289 2797 putat

163 2819 310 2902 potuisse
326 2811 401 2898 fieri,
424 2823 458 2879 ut
474 2814 691 2881 Androtionea
714 2835 839 2898 quoque
862 2834 883 2878 a
905 2815 1017 2899 primis
1039 2815 1140 2879 initiis
1162 2835 1202 2881 ea
1217 2836 1288 2880 con-

169 2919 474 3000 clusionecaruerit,
496 2917 682 3004 pracsertim
706 2938 776 2983 cum
800 2919 921 3001 ultima,
945 2937 1029 3000 quae
1050 2917 1172 2983 tradita
1194 2919 1289 2984 habe-

164 3042 244 3106 mus,
263 3022 361 3087 verba
377 3041 502 3086 summa
518 3041 588 3085 cnm
604 3021 744 3086 elatione
760 3021 859 3084 animi
876 3020 1087 3105 proferantur.
1125 3021 1188 3086 Sed
1204 3020 1288 3105 vide,

167 3146 266 3210 quam
291 3123 351 3190 sibi
374 3125 445 3209 ipse
469 3125 644 3189 contrarius
667 3124 708 3187 sit
730 3123 888 3206 Blassius,
917 3123 972 3206 qui
994 3123 1027 3188 in
1049 3125 1171 3209 lihr02),
1195 3143 1287 3206 quem

165 3248 267 3312 supra
282 3227 496 3310 laudavimus,
515 3227 594 3291 haec
610 3227 749 3311 scripsit:
772 3227 828 3308 ,Es
843 3225 884 3290 ist
899 3227 1005 3310 lingst
1021 3225 1290 3310 hervorgehoben,

165 3332 242 3396 dass
275 3330 326 3395 die
357 3329 584 3414 cigentltmlioh
615 3329 750 3394 attische
774 3328 855 3394 Sitte
882 3329 931 3393 lllr
961 3330 1024 3393 den
1047 3329 1178 3394 Sohluss
1200 3329 1288 3395 einer

165 3431 268 3519 Rode,
301 3430 468 3515 gleichwic
501 3431 552 3495 fur
585 3431 645 3496 den
679 3433 769 3496 einer
803 3429 978 3513 Tragddie,
1019 3431 1089 3496 eine
1122 3431 1289 3514 moglichst

165 3533 279 3618 ruhige
317 3533 382 3598 und
419 3531 612 3598 whrdevolle
650 3533 791 3616 Haltung
828 3533 1005 3616 verlaugte3
1050 3533 1154 3598 dieser
1190 3533 1289 3617 Regel

165 3637 318 3702 kommcn
348 3637 401 3701 dic
434 3634 730 3701 demosthenischen
762 3635 975 3718 Demegorien
1009 3635 1072 3700 fast
1103 3636 1166 3701 allo
1198 3637 1288 3716 nach,

165 3761 241 3823 mag
271 3737 355 3804 auch
385 3738 489 3803 dieser
512 3736 622 3820 ruhige
645 3738 762 3822 Epilog
784 3737 866 3802 noch
890 3758 924 3803 so
947 3737 1027 3802 kurz
1050 3739 1128 3804 sein.
1150 3775 1193 3784 -
1224 3739 1289 3803 Fur

167 3841 218 3907 dic
236 3839 484 3908 Gerichtsreden
507 3841 548 3904 ist
563 3839 620 3905 der
636 3839 832 3924 regelrechte
846 3840 976 3905 Schluss
992 3841 1044 3906 die
1057 3842 1290 3926 Autlorderung

143 3964 209 4009 ·an
241 3944 293 4011 die
323 3944 460 4027 Richter,
494 3942 556 4008 den
585 3943 805 4028 geschehenen
835 3943 1063 4029 Darlegungen
1091 3952 1221 4028 gemass
1251 3964 1289 4010 zu

169 4083 372 4094 -ι-ι--ι

255 4167 281 4235 1)
300 4165 331 4218 In
350 4163 489 4232 Philologi
507 4163 562 4218 vol.
576 4161 666 4217 XVII.

253 4251 281 4316 2)
301 4247 431 4304 Attische
450 4247 672 4321 Beredsamkait,
689 4248 743 4302 vol.
756 4245 806 4303 111.
824 4263 890 4316 pars
902 4248 923 4316 1,
941 4263 968 4316 p.
984 4251 1039 4302 191.

1052 4353 1084 4404 2*
