2998 4826
759 223 798 280 22

199 407 350 469 debebant
370 406 401 467 in
423 407 487 469 foro
508 405 664 469 convenire
686 413 716 466 et
737 407 834 468 sortiri
846 409 876 486 1),
898 407 1030 487 accipere
1051 403 1175 466 baculos
1187 409 1218 486 ²),
1241 427 1272 467 se
1291 427 1368 467 oon-

200 509 277 571 ferre
298 509 330 569 in
351 529 438 570 suum
459 509 609 583 iudicium,
632 508 764 589 accipere
785 511 950 590 tesseras3),
980 508 1130 569 considere
1150 508 1181 568 in
1203 507 1367 582 subselliis,

200 619 266 673 tum
286 619 355 672 tima
375 611 610 674 incendebantur
631 619 722 691 atque
743 633 849 691 praeco
871 612 910 672 ad
924 612 994 672 deos
1008 610 1200 672 convertebat
1218 631 1318 690 preces
1327 611 1366 692 ⁴),

201 713 260 786 sed,
282 723 440 793 postquam
462 714 607 775 orationes
629 714 750 775 habitae
768 723 845 788 sunt,
867 715 1071 793 unusquisque
1086 712 1218 773 iudicum
1232 713 1368 774 debebat

200 814 371 890 deliberare,
393 836 465 875 num
486 837 554 877 reus
576 816 632 878 sibi
647 801 806 878 ‘videretur
827 814 1068 879 condemnandus
1090 835 1160 888 esse,
1183 823 1273 894 atque
1294 835 1366 875 eam

202 914 329 1002 ψῆφον,
360 937 420 996 qua
442 919 619 979 sententiam
640 931 726 979 suam
748 928 811 980 erat
835 918 1067 999 significaturus,
1095 917 1127 976 in
1155 937 1261 976 urnam
1285 915 1365 976 iudi-

201 1019 307 1080 cialem
330 1019 479 1093 coniicere,
502 1019 608 1081 deinde
628 1041 769 1081 numerus
791 1020 855 1083 τῶν
871 1013 990 1106 ψήφων
1010 1019 1145 1097 religiose
1166 1027 1230 1080 erat
1251 1018 1364 1080 exami-

201 1121 320 1182 naudus
332 1123 369 1203 ⁵),
390 1131 456 1182 tum
478 1122 587 1196 scriba,
617 1123 674 1183 nisi
695 1122 798 1196 fallor,
827 1123 970 1185 iudicium
990 1121 1083 1182 literis
1105 1120 1282 1196 mandabat,
1311 1142 1364 1200 po-

202 1231 309 1284 stremo
330 1223 371 1298 is,
402 1224 454 1303 qui
483 1223 631 1285 iudicibus
659 1233 807 1305 praeerat,
839 1225 959 1304 publice
987 1224 1018 1285 id
1046 1224 1250 1298 renuntiabat,
1282 1224 1364 1303 quod

201 1325 306 1386 maiori
327 1325 406 1404 parti
426 1325 558 1387 iudicum
579 1317 741 1405 placuisset
751 1329 781 1406 6).
824 1327 889 1388 Eae
909 1347 955 1386 res
977 1325 1073 1387 solent
1098 1327 1130 1385 in
1157 1325 1273 1388 iudiciis
1301 1347 1363 1412 non

202 1435 265 1488 tam
287 1426 420 1489 celeriter
441 1449 532 1508 quam
552 1450 620 1490 oum
641 1429 786 1508 dignitate
808 1428 878 1490 fieri
921 1429 980 1490 sed
1002 1437 1140 1508 putemus
1162 1449 1262 1490 omnes
1288 1429 1364 1490 eius·

202 1529 282 1590 modi
304 1551 349 1590 res
371 1531 403 1590 in
425 1531 521 1610 spatio
538 1535 555 1592 2
571 1530 711 1592 horarum
732 1532 863 1611 potuisse
879 1531 1012 1593 coartari.
1046 1531 1161 1611 Itaque,
1184 1531 1208 1590 si
1222 1531 1363 1610 respicias

203 1630 271 1692 illas
292 1632 389 1705 horas,
410 1653 485 1712 quas
508 1641 598 1694 antea
619 1634 689 1708 dixi,
718 1633 790 1695 fient
810 1633 866 1695 tibi
889 1638 927 1695 13
949 1633 1047 1695 horae.
1091 1633 1149 1695 sed
1171 1641 1364 1712 portantum

202 1733 342 1813 temporis
363 1735 492 1813 spatium
514 1736 689 1796 continuum
710 1736 822 1796 iudices
843 1756 965 1798 munere
984 1757 1037 1797 suo
1060 1736 1122 1798 sine
1136 1735 1203 1796 cibo
1217 1743 1248 1796 et
1262 1723 1365 1814 aliqua

204 1836 296 1896 animi
325 1835 509 1898 relaxatione
539 1847 617 1899 reete
647 1837 733 1917 fungi
764 1859 824 1898 non
853 1847 997 1917 poterant.
1052 1838 1233 1900 Graecorum
1264 1847 1364 1899 autem

203 1937 425 2002 consuetudinis
446 1938 478 1998 id
499 1948 570 2013 erat,
592 1949 633 2014 ut,
656 1960 722 2000 cum
745 1947 790 2000 ter
811 1939 842 1998 in
864 1939 912 2000 die
934 1941 1011 2003 vires
1025 1941 1091 2002 cibo
1113 1941 1288 2002 recreandas
1301 1961 1364 2002 esse

204 2040 385 2113 statuissent,
407 2041 485 2102 circa
505 2043 657 2103 meridiem
678 2043 859 2123 pranderent
872 2046 901 2124 7).
943 2044 1051 2122 Itaque
1072 2044 1098 2104 si
1124 2044 1200 2105 illud
1221 2045 1364 2106 iudicium

203 2141 328 2222 prandio
349 2143 381 2202 in
403 2142 478 2204 duas
499 2153 598 2223 partes
627 2145 807 2226 diremptum
837 2147 887 2218 sit,
920 2165 1047 2224 quarum
1075 2155 1202 2227 utraque
1233 2146 1322 2209 duel
1346 2153 1362 2210 7

140 2230 142 2233 V
203 2245 291 2306 horas
313 2245 482 2320 contineret,
508 2255 634 2308 naturae
656 2247 805 2309 humanae
827 2247 1015 2308 imbecillitas
1036 2248 1067 2308 id
1089 2269 1207 2329 quoque
1228 2249 1367 2311 videatur

201 2342 382 2428 postulasse,
412 2355 526 2408 utnon
548 2349 699 2412 minusin
721 2351 923 2430 prioreparte
945 2350 1116 2430 dieiquam
1145 2353 1177 2412 in
1206 2353 1366 2431 posteriore

203 2449 319 2529 aliquid
340 2450 490 2511 intervalli
520 2450 559 2511 ad
586 2451 797 2531 quiescendum
826 2453 1065 2528 constitueretur,
1095 2455 1269 2533 praesertim
1297 2475 1366 2515 cum

203 2553 235 2612 in
263 2551 395 2613 iudicum
424 2573 581 2613 numerum
610 2555 700 2614 etiam
730 2575 813 2615 senes
845 2556 956 2634 recepti
985 2558 1123 2637 essentss).
1171 2555 1245 2618 Veri
1274 2557 1367 2636 igitur

203 2654 299 2716 simile
320 2676 383 2716 esse
404 2665 477 2735 puto
498 2657 647 2718 iudicibus
668 2666 787 2718 tantum
809 2657 949 2736 temporis
971 2658 1010 2719 ad
1032 2658 1179 2719 edendum
1200 2667 1230 2719 et
1243 2659 1282 2719 ad
1303 2661 1366 2720 ani-

203 2779 267 2820 mos
287 2758 465 2820 relaxandos
491 2781 544 2838 per
571 2768 665 2822 totam
693 2759 777 2819 illam
806 2760 885 2828 diem
914 2782 1084 2822 concessum
1111 2781 1185 2835 esse,
1219 2770 1366 2842 quantum

203 2861 298 2934 hodie,
321 2861 431 2940 opinor,
453 2882 491 2923 ne
511 2861 612 2924 infimo
635 2862 754 2942 quidem
772 2863 870 2942 opifici
885 2865 1082 2924 caementario
1096 2862 1284 2944 denegamus,
1307 2867 1325 2928 i.
1341 2887 1365 2928 e.

206 2967 223 3025 2
245 2964 341 3025 horas.
385 2964 502 3041 Quodsi
524 2965 563 3025 ad
584 2965 670 3024 illum
691 2986 856 3038 numerum,
880 2985 968 3044 quem
991 2973 1081 3025 antea
1103 2969 1283 3046 computavi,
1310 2969 1366 3030 has

204 3087 322 3147 quoque
342 3067 430 3128 horas
452 3066 664 3142 addiderimus,
694 3069 772 3129 inter
791 3069 910 3128 initium
932 3067 1035 3128 iudicii
1056 3075 1086 3128 et
1106 3067 1194 3129 finem
1218 3071 1256 3131 15
1278 3069 1366 3132 horas

204 3169 401 3231 intercessisse
421 3170 608 3248 reperiemus.

289 3271 327 3332 Id
347 3291 417 3332 vero
438 3291 473 3332 eo
494 3272 589 3350 magis
612 3292 630 3332 a
652 3273 778 3334 veritate
802 3272 952 3348 abhorret,
980 3273 1072 3353 quod,
1099 3273 1157 3334 nisi
1179 3272 1281 3348 fallor,
1310 3274 1366 3336 illa

204 3375 253 3436 die
280 3395 318 3436 nc
344 3373 389 3435 sol
412 3373 533 3454 quidem
561 3395 612 3454 per
645 3382 764 3436 tantum
790 3396 947 3437 numerum
974 3376 1114 3437 horarum
1139 3384 1248 3437 terram
1274 3376 1365 3439 collu-

204 3581 322 3636 introd.:
351 3580 507 3649 „probably
531 3583 581 3633 not
605 3578 657 3632 less
681 3578 749 3634 than
772 3579 826 3634 five
849 3580 1004 3635 hundred“.
1049 3581 1142 3635 Etiam
1167 3583 1237 3636 6000
1259 3582 1364 3638 iudices

206 3668 353 3739 aliquando
371 3667 530 3723 interfuisse
547 3671 642 3740 γραφῇ
660 3663 836 3738 παρανόμων,
857 3669 946 3724 discas
967 3687 1001 3724 ex
1017 3669 1133 3738 Andoc,
1152 3687 1181 3723 π.
1200 3687 1223 3724 τ.
1240 3685 1364 3743 padano,

205 3757 280 3828 §l7.

273 3844 297 3914 1)
315 3843 530 3910 Soboemannus,
555 3842 589 3910 1⁸,
614 3843 673 3897 504.
709 3843 787 3898 Dem.
815 3846 848 3898 19
872 3843 888 3914 §
914 3847 937 3897 1.
1008 3845 1036 3914 2)
1055 3845 1193 3912 Schoem.‚
1218 3845 1256 3900 ib⁴
1285 3845 1363 3900 Dem.

207 3931 339 4001 18§210.
393 3931 419 4000 3)
441 3930 799 3986 Schoem.ib.etDem.ib.
858 3934 888 4002 4)
908 3933 1041 4000 Schoem,
1059 3932 1092 3998 1⁸,
1111 3934 1170 3984 515.
1223 3933 1250 4003 t)
1269 3933 1364 4002 Oica,

206 4037 276 4090 quae
300 4020 445 4088 Sauppeus
471 4019 600 4088 exposuit
623 4019 652 4072 in
673 4020 765 4073 iudice
790 4021 875 4075 schol.
895 4021 1037 4090 Gotting,
1063 4021 1144 4085 1883,
1168 4035 1233 4072 sem.
1259 4022 1363 4091 aestiv,

205 4125 232 4178 p.
252 4110 329 4162 5-7.
400 4107 428 4174 6)
448 4106 588 4174 Sehoem„
612 4107 651 4174 1⁸,
680 4109 738 4160 517.
810 4109 836 4178 7)
856 4108 970 4164 Guhlius
995 4111 1024 4161 et
1046 4106 1155 4172 Koner,
1175 4105 1243 4161 Leb.
1269 4107 1295 4162 d.
1315 4109 1362 4165 Gr.

205 4215 231 4251 u.
249 4195 308 4264 R.⁴‚
325 4213 353 4265 p.
372 4194 431 4250 326.
501 4193 529 4265 8)
547 4194 625 4247 Dem.
646 4197 679 4248 18
697 4193 713 4264 ἓ
733 4197 774 4249 98.
