2998 4826
598 404 773 457 „21-

300 567 327 630 4.
361 565 683 650 Argumentationem
708 565 859 628 orationis
883 561 1073 626 XXXXVI.

96 707 357 775 examinandam1).

191 811 318 882 Scriptor
337 829 377 872 or.
396 811 557 871 XXXXVI.
577 809 763 880 Stephanum,
791 809 838 878 qni
867 809 920 864 hoe
948 810 1165 864 renuntiaverat
1190 809 1271 864 testi-

97 920 238 974 monium:
258 923 400 990 Στίηανος
419 950 452 959 -
473 919 623 992 [μαρτυρεῖ]
643 925 769 990 παρεῖναι
787 912 854 989 πρὸς
871 917 908 986 τῷ
926 915 1046 988 διαιτητη
1065 950 1107 979 —‚
1127 909 1170 968 ὅτε
1188 911 1272 989 προῦ-

91 1030 204 1079 καλιῐτο
223 1031 355 1099 Φορμίων
372 1021 585 1097 Ἀπολλόδωρον,
606 1031 629 1077 εἰ
646 1021 684 1096 μη
698 1043 778 1095 ηιηοιν
804 1019 959 1094 ιῖντίγοαηα
978 1023 1047 1078 εἶναι
1065 1023 1117 1079 τῶν
1135 1023 1273 1089 διαθηκῶν

91 1131 152 1188 τῶν
170 1139 312 1192 Πασίωνος
330 1127 361 1185 ιδ
379 1138 576 1204 γραμματεῖον,
596 1125 611 1183 ῧ
631 1129 767 1198 ἐνεβάλετο
781 1137 914 1203 Φορμίων
927 1135 963 1190 eL·
974 1126 1021 1186 τὸν
1034 1131 1133 1200 ἐχῖνον,
1155 1125 1273 1200 dnonas

95 1236 147 1298 τὰς
165 1221 298 1306 διαθήκας
321 1235 369 1299 τὰς
386 1245 536 1300 Πασίωνος,
564 1231 595 1298 ἃς
613 1245 758 1310 παρείχετο
777 1233 844 1308 αηδς
868 1233 916 1293 τὸν
935 1233 1071 1305 διαιτητὴν
1088 1231 1210 1309 ’Λμηίας
1228 1269 1270 1299 —,

93 1341 305 1420 Ἀπολλόδωρον
323 1345 353 1398 δὲ
373 1341 421 1398 oriae
439 1347 540 1400 ἐθέλειν
560 1341 686 1414 δνοίγειν,
707 1345 775 1399 εἶναι
794 1346 823 1398 δὲ
842 1340 876 1397 ιδ
897 1341 1050 1417 ἀντίγραφα
1068 1343 1121 1398 τῶν
1134 1343 1272 1410 διαθηκῶν

93 1452 152 1507 τῶν
169 1453 352 1519 laruatust),
376 1449 441 1505 falsi
465 1451 619 1506 testimonii
645 1451 797 1505 obnoxiam
818 1466 881 1504 esse
902 1451 1057 1520 contendit,
1083 1450 1159 1519 quod
1186 1451 1220 1520 ei,
1246 1451 1270 1505 si

97 1559 168 1612 nihil
188 1559 223 1613 de
243 1565 416 1613 testamento
436 1558 566 1618 Pasionis
586 1555 687 1612 testari
706 1558 852 1624 voluisset,
879 1557 1027 1610 dicendum
1047 1555 1161 1611 fnisset:
1190 1557 1271 1629 [μαρ-

95 1667 182 1735 τυρεῖ]
202 1672 329 1736 παρεῖναι
346 1660 413 1737 agada·
425 1665 462 1732 τῷ
474 1663 595 1736 διαιτητῇ
610 1695 650 1726 -,
671 1656 712 1716 ὅτε
732 1659 909 1734 apos-matriae
923 1669 1056 1735 φοημίοιν
1067 1659 1273 1736 Ἀπολλόδωρον

97 1769 220 1841 ἀνοίγειν
234 1768 265 1824 τὸ
278 1777 474 1844 γραμματεῖον,
493 1765 509 1822 ὃ
522 1775 650 1843 παρεῖχεν
661 1767 783 1843 Ἀηιηίας
795 1801 837 1832 -,
850 1765 1054 1841 ’.ιίιιολλὸδιορον
1067 1765 1092 1821 δ’
1106 1765 1154 1822 οὔκ
1172 1771 1273 1826 ἐθέλειν

100 1875 223 1949 ἀνοίγειν
241 1881 266 1947 (ξ
279 1879 316 1948 5).
353 1879 391 1934 Ut
410 1879 539 1932 omittam
554 1877 739 1947 Stephanum,
759 1877 781 1932 si
802 1877 869 1931 tolia
890 1877 1018 1944 dixisset,
1037 1893 1154 1945 prorsas
1172 1879 1270 1947 inepta

95 1986 271 2054 minimeque
291 2002 352 2040 enm
373 1985 468 2039 verbis
488 1984 663 2051 testamenti,
684 2000 757 2052 qrrae
772 1983 919 2053 adscripsi,
941 1984 1129 2053 congruentia
1149 1990 1271 2039 testatu-

96 2111 161 2147 ram
181 2093 278 2160 inisse,
297 2094 345 2146 illa
364 2093 463 2161 verba,
482 2108 555 2160 qnae
575 2097 641 2145 sant
660 2092 695 2146 de
714 2091 844 2146 Pasionis
863 2095 1035 2145 testamento
1055 2091 1118 2158 (adr
1134 2091 1273 2158 διαθηκῶν

95 2200 153 2255 τῶν
176 2207 331 2262 ίίαοιόινος,·
356 2195 404 2258 τὰς
427 2194 559 2265 διαθήκας
582 2195 630 2258 τας
652 2205 810 2261 ΙΙαοίοινος;
835 2198 902 2252 εἶναι
928 2197 958 2250 δὲ
981 2194 1015 2249 ιδ
1040 2193 1194 2270 ιῖνιίγραηα
1219 2199 1271 2255 τῶν

101 2308 241 2374 διαθηκῶν
257 2308 310 2362 adr
327 2309 489 2374 Ιίασαονος),
515 2305 677 2374 Stephanus
701 2322 717 2359 a
737 2303 907 2358 Phormione
934 2319 1027 2358 coram
1047 2305 1160 2358 ‘arbitro
1184 2305 1270 2374 dieta,

102 2431 122 2468 a
151 2395 188 2468 se
210 2419 299 2467 antem
325 2413 353 2466 ia
380 2412 541 2466 testimonio
569 2412 604 2466 de
630 2412 836 2480 provocatione
865 2409 989 2478 repetita
1015 2410 1182 2478 accipienda
1206 2428 1269 2468 esse

103 2521 201 2579 voluit.
238 2520 318 2584 Quod
337 2519 457 2588 primam
480 2520 573 2574 elucet
593 2536 628 2574 ex
641 2519 833 2589 paragraphis
846 2519 951 2574 43-46
966 2521 1101 2574 orationis
1115 2521 1269 2592 XXXXV,

97 2634 160 2682 tum
181 2643 243 2680 mea
262 2625 375 2694 quidem
397 2626 540 2680 sententia
566 2643 601 2680 ex
621 2627 716 2681 verbis
742 2626 878 2680 orationis
904 2632 1028 2685 nostrae.
1054 2644 1128 2696 quae
1155 2634 1270 2682 exstant

96 2737 162 2802 §th
187 2728 267 2785 ’,ίλλδ
289 2729 344 2804 μην
369 2737 392 2784 si
416 2737 479 2801 ηηοὶ
500 2738 662 2804 Φορμίωνος
685 2736 808 2801 λέγονιος
830 2728 964 2786 neotericae
986 2727 1060 2784 arrra’
1087 2728 1171 2800 ἀληθῆ
1194 2734 1270 2799 εἶναι.

100 2839 157 2920 Sed
177 2841 264 2908 longe
285 2840 367 2893 aliter
387 2846 482 2893 orator
508 2855 556 2907 ea,
583 2856 656 2908 qliae
677 2839 839 2908 Stephanus
859 2839 1020 2907 obiecerat,
1046 2840 1157 2907 accipit.
1196 2841 1269 2896 Con-

102 2947 193 3000 tendit
213 2947 285 3001 onim
304 2946 411 3001 fassam
432 2923 495 3001 eam
515 2963 578 3002 esse
599 2964 629 3002 se
649 2947 809 3001 Phormioni
834 2946 918 3001 fide'm
942 2946 1094 3002 habentem
1123 2947 1158 3002 de
1182 2953 1269 3002 testa·

101 3060 195 3108 mento
216 3053 399 3108 testificatam
423 3071 488 3108 esse
515 3056 558 3122 (ἐξ
577 3056 666 3123 6-8).
703 3055 740 3108 Et
759 3059 836 3108 recte
856 3054 985 3123 quidem,
1011 3059 1042 3108 ut
1061 3055 1270 3112 Demosthenes
1306 3121 1307 3124 Ἴ

98 3161 161 3228 ipse
189 3161 345 3228 (XXXXV.
371 3163 413 3215 23.
439 3161 523 3214 ταῦτα
551 3156 585 3220 da·
613 3155 768 3234 ιῖντίγηαηιὶ
796 3163 866 3215 ἐστιν
891 3162 996 3216 ἕκιίνων
1018 3160 1269 3235 μειιιαηιιηιηκὸιις),

100 3269 268 3336 Apollodori
287 3270 374 3337 igitur
387 3269 568 3322 adversarius
587 3270 672 3337 plane
692 3267 834 3323 contraria
854 3268 903 3322 eis¹
915 3268 1069 3336 contendit,
1089 3286 1163 3338 qaae
1183 3276 1268 3326 antea

100 3380 275 3444 negaverat,
295 3391 326 3428 se
345 3375 409 3428 ilias
428 3375 542 3428 tabulas
563 3375 708 3443 exemplar
727 3375 892 3428 testamenti
905 3374 1034 3428 Pasionis
1047 3375 1134 3430 fnisse
1155 3377 1267 3431 omnino

100 3457 237 3536 testatum
264 3473 327 3535 csse
354 3484 393 3550 (ἐξ
411 3481 482 3535 4-5
506 3483 540 3540 cl.
559 3482 705 3541 XXXXV.
729 3483 783 3550 43).
813 3488 842 3536 et
867 3487 967 3550 aperte
993 3479 1140 3536 confessus
1167 3489 1211 3537 est
1236 3499 1267 3538 se

98 3581 313 3592 *ὴ-

190 3625 211 3693 ¹)
232 3624 305 3678 Vide
325 3624 356 3682 d.
368 3624 404 3682 D.
417 3624 509 3678 Beels.
528 3623 659 3678 Diatribe
678 3623 706 3676 in
725 3623 926 3678 Demosthenis
946 3624 1088 3678 orationes
1108 3625 1129 3682 l,
1144 3629 1173 3678 et
1185 3625 1219 3683 II.
1239 3625 1267 3680 in

100 3711 292 3783 Stephanum,
321 3713 412 3780 Lngd.
440 3713 504 3771 Bat.
534 3713 616 3780 1826,
645 3713 679 3765 A.
708 3711 851 3766 Sehaefer.
879 3713 896 3766 Ι.
922 3713 939 3765 l.
968 3729 1058 3780 pagg.
1078 3714 1131 3767 1ῖο
1158 3731 1267 3782 prona„

100 3802 257 3870 Lortzingii
283 3801 350 3859 diss.
369 3802 387 3859 l.
405 3817 495 3870 pagg.
514 3803 548 3855 82
568 3818 677 3870 proxx,
703 3802 817 3860 Darest.
836 3802 854 3860 l.
872 3803 890 3856 l.
910 3803 946 3859 It.
971 3817 1061 3870 pagg.
1080 3803 1132 3856 293
1157 3819 1267 3872 prora,

100 3892 192 3948 Blass.
211 3892 228 3949 l.
246 3891 264 3948 1.
283 3906 373 3958 pagg.
392 3891 444 3943 472
464 3905 573 3958 proxx,
600 3889 627 3948 S.
648 3888 805 3944 Sohaffneri
831 3890 907 3958 diss,
932 3907 978 3957 qa.
997 3891 1014 3943 i.
1034 3889 1077 3944 De
1097 3892 1182 3945 tertia
1201 3891 1267 3950 adv.

102 3979 253 4050 Aphohum
281 3979 410 4048 oratione
438 3979 525 4047 vulgo
553 3977 756 4032 Demosthenis
784 3977 888 4038 nomini
920 3977 1051 4046 addicta,
1086 3979 1163 4048 Lips.
1190 3981 1269 4050 1876,

101 4086 188 4138 pagg.
208 4068 304 4122 8-10.
343 4066 383 4120 Cf.
402 4065 533 4125 Diodort.
548 4057 597 4121 ed.
618 4067 707 4121 Oxou.
726 4067 782 4120 rol.
802 4066 865 4124 vri.
884 4083 974 4136 pagg.
996 4067 1064 4122 1226
1082 4085 1184 4136 proxx.

188 4158 212 4226 ²)
231 4155 374 4210 XXXXV.
393 4157 418 4215 8.
