2998 4826
768 173 807 232 28

199 354 340 416 momenti
361 363 446 416 erent
466 354 634 436 ponendae,
662 354 850 436 aliquantum
871 355 929 416 loci
954 362 1129 429 reservaret,
1157 375 1216 434 qno
1242 355 1359 435 potissi-

199 475 279 518 mom
300 466 415 538 portem
437 459 706 520 additamentorum
726 458 885 520 infarciret.
927 458 1014 519 Haeo
1033 478 1110 532 vero,
1133 477 1210 537 quae
1230 457 1356 519 alterum

197 559 324 638 gradum
345 560 540 636 obtinentin
561 561 670 623 iudicio
691 570 754 622 tam
770 562 840 622 artis
859 560 968 622 finibus
983 569 1068 621 erent
1081 560 1355 636 circumscribendo,

199 669 233 722 ut
253 671 371 742 tempus
398 684 451 744 per
477 653 662 746 κλεψύδραν
689 664 884 724 constitutum
913 673 1011 724 orator
1039 683 1099 724 non
1129 664 1315 742 egrederetur
1324 665 1355 744 1).

197 763 314 845 Nempe
324 766 547 841 Demosthenes,
569 767 627 827 nisi
647 766 744 841 failor,
766 775 830 827 tum
844 766 916 828 fecit
929 766 1016 840 idem,
1039 766 1118 846 quod
1136 766 1223 827 hodie
1239 787 1355 847 quoque

197 867 340 940 causidici
349 868 445 930 solent
455 869 561 944 fecere,
576 878 617 943 ut,
633 869 765 930 assidens
776 870 807 929 in
818 869 926 930 iudicio
938 890 1006 931 oum
1014 869 1165 931 volumine
1176 889 1229 930 suo
1241 870 1355 930 ceteris·

197 990 256 1051 que
275 970 364 1034 rebus
386 972 426 1032 sd
451 972 638 1035 scribendum
665 973 850 1047 necessariis,
878 993 913 1034 eo
939 980 1082 1053 tempore,
1112 993 1170 1052 qno
1191 973 1366 1036 Aeschines

267 1213 292 1280 1)
312 1213 340 1267 si
358 1193 436 1265 recte
455 1209 489 1264 de
508 1227 621 1263 numero
641 1212 691 1263 150
716 1211 827 1263 circiter
845 1213 1082 1279 paragraphorum
1101 1213 1183 1279 poulo
1202 1216 1267 1264 ente
1287 1212 1352 1280 dixi,

198 1299 288 1354 oratio
306 1301 336 1353 in
354 1299 456 1354 iudicio
476 1299 594 1352 recitata
612 1297 724 1352 videtur
741 1299 815 1352 hunc
833 1298 891 1352 fere
909 1301 938 1351 in
956 1299 1068 1352 modum
1087 1299 1194 1368 digesta
1213 1298 1308 1352 fuisse:

296 1407 318 1472 Ι)
336 1404 491 1459 Exordium
527 1441 795 1457 .......
826 1435 830 1443 -
849 1403 965 1458 Circiter
984 1406 1017 1457 10
1035 1402 1067 1474 ἓξ

282 1492 317 1560 11)
336 1493 448 1548 Summa
466 1507 530 1559 pars
551 1491 753 1559 disputationis.

324 1599 359 1667 A)
377 1597 444 1650 Psrs
468 1597 545 1665 prior
567 1613 660 1650 rerum
682 1596 792 1650 maioris

378 1685 521 1738 momenti.

394 1792 422 1858 α)
440 1790 481 1842 De
513 1805 582 1856 poce
612 1804 664 1856 per
700 1787 793 1841 Philo·

440 1881 546 1930 oretem
563 1875 638 1928 facta
657 1913 914 1940 .....
979 1877 1014 1927 40
1031 1873 1063 1944 ἐξ

397 1984 423 2050 β)
444 1981 483 2034 De
495 1982 578 2034 rebus
591 1981 693 2033 eDem.
706 1995 792 2046 usqne

440 2068 476 2121 ad
485 2067 612 2136 Byzantii
621 2067 792 2122 obsidionem

438 2160 468 2210 et
492 2155 528 2210 sd
550 2157 641 2224 legem
666 2155 792 2209 novalem

438 2245 523 2314 gestis
568 2280 914 2308 ........
980 2243 1015 2293 40
1033 2239 1064 2310 ξς

322 2315 428 2417 BtRes
446 2349 560 2402 minoris
578 2348 719 2402 momenti.

1125 1830 1185 1884 Hae
1197 1836 1261 1885 sunt
1273 1831 1306 1903 ἐξ
1322 1834 1351 1886 in

1125 1936 1157 1971 ea
1182 1919 1270 1973 forme
1291 1937 1352 1973 ors-

1136 2007 1228 2074 tionis,
1251 2025 1334 2075 quam

1125 2111 1197 2147 nunc
1209 2094 1352 2158 hebemus.

1125 2183 1246 2235 numeris
1273 2186 1351 2238 1-125

1149 2255 1317 2338 designatae.

398 2455 425 2524 α)
444 2455 487 2508 De
520 2455 628 2507 ratione
657 2453 793 2522 pecuniae

442 2541 795 2610 reddendedequehonore

441 2627 635 2683 Demosthenis
644 2630 673 2681 in
683 2629 795 2682 theatro

439 2717 575 2771 Bacchico
595 2715 798 2770 renuntiando.
903 2753 919 2781 ‚‚
986 2715 1019 2766 10
1036 2711 1067 2783 §§

395 2823 422 2889 β)
440 2822 586 2876 Potissime
610 2840 674 2891 pers
697 2841 790 2878 esrum

439 2911 671 2981 obiurgationum,
694 2912 792 2980 quibus

438 2998 516 3050 Dein.
527 2999 732 3052 criminationes
741 3001 793 3052 Ae·

439 3086 539 3139 schinis
558 3086 735 3154 necopinates
759 3104 792 3139 ex

442 3176 569 3240 tempore
593 3174 646 3227 sibi
667 3173 793 3227 refellen-

440 3259 488 3313 das
508 3277 566 3314 esse
585 3262 711 3329 putabat.

330 3345 359 3414 Ο)
378 3345 445 3399 Pars
462 3348 599 3414 posterior
621 3366 713 3402 rerum
735 3367 791 3403 me·

380 3433 446 3486 ioris
462 3435 603 3489 momenti.

414 3520 486 3586 Quid
499 3522 575 3576 Dem.
588 3540 674 3590 usque
687 3523 722 3575 ad
735 3541 792 3576 mn-

414 3626 458 3662 ros
477 3626 549 3662 anno
575 3627 598 3662 a.
618 3610 680 3663 Chr.
700 3611 789 3677 ³37s6.

413 3695 533 3749 resectos
545 3714 596 3764 pro
610 3696 697 3752 salute
707 3699 793 3752 Athe·

413 3784 548 3837 niensium
568 3784 675 3840 fecerit.

264 3887 313 3954 ΙΙΙ)
334 3887 469 3943 Glousuls.
502 3907 506 3916 ·
811 3859 823 3965 Ι

265 3976 341 4043 Quae
358 3977 382 4030 si
398 3979 440 4030 ita
457 3982 535 4044 sunt,
553 3977 583 4032 id
602 3978 733 4048 forsitan,
760 3983 834 4051 qnod
853 3983 968 4041 Kirchh.
987 4003 1014 4054 p.
1034 3989 1068 4041 60
1087 3991 1116 4040 et
1134 3989 1166 4041 61
1189 3987 1274 4056 dixit,
1299 3991 1352 4045 dis-

195 4064 363 4132 positionem
387 4067 519 4121 cretionis
543 4068 775 4124 Demosthenicss
799 4076 864 4125 ente
887 4073 1010 4128 auditam
1029 4074 1173 4128 Aeschinis
1197 4077 1351 4133 orationem

195 4167 252 4205 non
270 4152 393 4221 potuisse
411 4152 527 4223 institui,
546 4155 637 4208 minus
654 4157 743 4224 possit
761 4159 884 4226 probari.
