2954 4824
624 403 658 412 -
696 369 749 424 103
788 399 826 431 -r

222 531 296 586 Sunt
322 532 411 602 igitur
439 530 621 599 anacoluthe,
650 546 724 600 quae
751 534 860 584 tantum
885 529 1067 588 inveniantur
1085 529 1114 584 in
1134 529 1310 586 orationibus

130 638 249 695 XXXV.
277 640 442 699 XXXXIII.
470 638 661 697 XXXXVIII.
694 639 735 708 [g)
772 634 802 705 h)
833 638 864 705 p)
890 636 934 695 cll.
970 632 1005 690 τά
1023 633 1045 689 τ’
1067 630 1133 689 άλλα
1152 636 1311 708 9601μέεῷ

128 746 250 816 reperis,
270 761 344 816 quae
364 747 425 802 sola
448 745 536 800 insint
554 745 583 800 in
604 744 707 800 ceteris
729 748 840 812 neptem
862 744 902 815 [b)
923 746 949 814 e)
968 743 998 814 (1)
1018 743 1038 813 i)
1057 744 1088 813 k)
1108 745 1128 812 1)
1146 747 1184 814 m)
1198 746 1247 814 n)].

223 891 294 944 Turn
322 889 356 945 iis
381 905 495 959 quoque
520 889 591 944 loeis
610 888 692 944 nobie
711 888 840 946 videmur
860 889 1075 959 deprehendere
1095 887 1309 958 neglegentiam
1353 891 1357 894 “

130 997 395 1066 εοτ15ουάἰ,ηιιίἰ)υτ
405 998 614 1066 verbnprneter
621 996 854 1052 consuetudinem
861 1002 997 1066 separate
1004 1002 1078 1057 suut.
1093 995 1175 1062 Quod
1185 995 1309 1066 quidem,

129 1104 162 1159 fit
195 1103 358 1163 XXXXIII.
377 1107 420 1172 22,
439 1106 483 1172 24,
501 1105 545 1173 25,
564 1105 608 1173 50,
627 1105 670 1173 64,
693 1103 880 1164 XXXXVIII.
901 1107 943 1173 12,
962 1104 1121 1163 XXXXVI.
1141 1105 1184 1172 15,
1203 1106 1246 1169 19,
1265 1105 1309 1160 22.

129 1213 306 1271 XXXXVII.
325 1214 369 1281 21,
387 1213 431 1279 62,
451 1215 494 1281 65,
512 1215 555 1280 67,
592 1211 862 1282 XXXXIX.3,11,
882 1216 924 1281 12,
946 1217 988 1282 18,
1008 1217 1052 1284 38,
1070 1215 1113 1282 42,
1132 1214 1177 1282 61,
1213 1213 1245 1271 L.
1266 1213 1309 1280 17,

129 1323 255 1390 121124,
291 1318 599 1389 L111.2,10bis,12‚
637 1319 712 1379 LIX.
732 1321 773 1382 17,
793 1323 837 1390 39,
856 1323 899 1389 62,
919 1324 963 1391 79,
982 1323 1025 1389 85,
1060 1321 1090 1376 in
1108 1320 1200 1376 nitere
1218 1320 1308 1390 igitur

129 1436 215 1501 parte
235 1429 394 1485 oratmnnm
414 1428 537 1498 naepIus,
558 1427 692 1497 quanin
711 1428 815 1496 priore.

220 1574 351 1644 Denique
380 1574 484 1629 menda
510 1574 626 1628 minoris
652 1573 786 1628 momenti
805 1574 1053 1628 commemoranda
1071 1573 1205 1629 videntur
1223 1573 1308 1629 haee:
1393 1607 1398 1612 -

129 1683 248 1740 XXXV.
268 1687 294 1740 8.
323 1688 368 1736 καὶ
394 1677 475 1738 οὐδὲν
499 1675 557 1756 ᾔδει
586 1686 653 1742 οἵοις
670 1689 776 1756 θηρίοις
794 1683 929 1748 ἐπλησίαζε
946 1688 1004 1742 τοῖς
1023 1677 1179 1756 ἀνθρώποις
1195 1678 1308 1745 τούτοις,

129 1791 179 1847 ubi
205 1794 274 1860 post
296 1797 403 1862 θηρίοις
420 1790 504 1844 deest
535 1780 619 1859 οὖσιν,
639 1792 665 1849 9.
690 1789 781 1842 ἔπειτα
799 1787 931 1864 περὶτῶν
950 1782 1035 1846 ἄλλων
1053 1789 1230 1862 ἐπιδείξομεν,
1263 1783 1308 1842 οἶα

128 1894 352 1972 ἐτοιχωρύχησαν
377 1886 452 1951 οὗτοι
473 1903 535 1971 περὶ
553 1893 585 1951 τό
605 1892 722 1960 δάνειον,
758 1898 802 1956 35.
822 1890 837 1948 ὁ
857 1896 930 1956 οἶνος
948 1891 1083 1967 εῖσάγεται
1102 1898 1130 1950 ἐκ
1147 1895 1202 1952 τῶν
1218 1893 1309 1954 τόπων

127 2006 182 2063 τῶν
199 2011 261 2080 περὶ
279 1999 357 2077 ἡμᾶς,
379 2007 407 2058 ἐκ
419 2001 587 2079 Πεπαρῆθου
605 2011 650 2060 καὶ
661 2004 709 2058 Κῶ
726 2010 772 2059 καὶ
787 2000 887 2065 Θάσιος
904 2010 948 2058 κα1
960 2005 1102 2066 Μενδαῖος
1118 1995 1164 2060 καὶ
1183 2007 1211 2068 ἐξ
1223 1999 1309 2062 άλλων

127 2113 210 2170 τινῶν
227 2109 331 2170 πόλεων
348 2110 530 2175 παντοδαπός,
561 2116 606 2174 50.
628 2109 666 2168 Οὗ
685 2121 777 2169 τοίνυν
794 2113 879 2167 ταῦτα
896 2109 992 2186 μόνον,
1011 2104 1040 2167 ὦ.
1059 2106 1083 2166 ά.
1103 2112 1137 2177 δ,
1157 2108 1234 2170 δεινά
1247 2110 1308 2184 ’ἐγώ

128 2217 229 2290 πάσχω
248 2254 291 2290 -,
312 2215 376 2273 ἄλλό
387 2225 433 2273 καὶ
450 2225 535 2294 χωρὶς
551 2220 601 2273 τοῦ
621 2216 829 2294 ἀποαιρεῖσθαι
846 2215 880 2272 τά
898 2217 1027 2294 χρήματα
1046 2226 1084 2280 είς
1100 2216 1163 2280 τούς
1175 2217 1309 2290 ἐσχάτους

131 2323 171 2384 ἂν·
183 2324 326 2387 κινδύνους
346 2321 498 2400 άφικόμην,·
516 2327 680 2388 XXXXIII.
699 2330 743 2387 32.
763 2323 877 2398 άνειγιού
895 2335 960 2388 παῖς
978 2320 1045 2382 ούσα
1063 2325 1131 2402 πρός
1148 2325 1307 2404 πιιτρόςκα1

131 2437 161 2488 ἐκ
176 2435 222 2488 τού
237 2429 313 2489 όίκου
330 2426 399 2488 ούσα
410 2434 458 2488 τοῦ
468 2429 592 2505 ἰΑγνίου,
611 2438 655 2495 33.
665 2427 707 2489 ότι
717 2435 828 2496 δικαίως
837 2437 954 2503 ἐνίκησεν
962 2431 978 2505 ἡ
987 2431 1089 2508 γυνηέκ
1099 2435 1147 2490 τοῦ
1158 2427 1306 2490 οῖκουούσα

128 2536 305 2612 τούἉγνίου,
319 2537 490 2610 Εὐβουλίδου
515 2534 719 2617 θυγάτηρούσα,
738 2545 781 2602 50.
801 2547 845 2596 καλ
857 2537 964 2598 ἐνταῦθ’
984 2537 1043 2596 οὐδ’
1063 2538 1156 2600 ὁτιοῦν
1174 2543 1258 2600 ἔνεστι
1274 2538 1307 2598 τό

126 2645 194 2703 αύτό
222 2643 313 2722 όυομα
340 2647 393 2704 τῶν
420 2650 449 2705 ἐν
475 2649 512 2718 τῷ
529 2652 665 2724 Στρατίου
691 2655 755 2720 οἴκῳ
780 2644 865 2708 όντων
883 2645 1006 2719 ἐκγόνων,
1043 2653 1087 2709 59.
1107 2640 1158 2702 ὅσα
1177 2655 1204 2704 ολ
1221 2646 1306 2724 νόμοι

124 2753 324 2832 προστάττουσι
349 2752 413 2817 τούς
439 2753 622 2830 προσήκοντας
639 2765 734 2821 ποιεῖν,
765 2753 831 2830 ἡμῖν
848 2756 1045 2833 προστάττουσι
1062 2765 1107 2815 καὶ
1128 2756 1306 2831 άτωγκάζουσι

124 2873 229 2937 ποιεῖν,
260 2868 304 2924 65.
324 2859 575 2937 ὑπεραναίσχυντον
593 2860 626 2933 δὴ
646 2854 721 2919 ούτοι
739 2863 964 2930 κατασκευάζουσι
982 2868 1105 2944 πρᾶγμα,
1138 2864 1172 2931 ὡς
1192 2864 1245 2946 ἄρα
1263 2870 1308 2924 δεῖ

123 2969 198 3048 ἡμᾶς
208 3005 238 3012 -
251 2973 299 3026 τοῦ
317 2973 370 3044 μὲν
388 2969 513 3044 σώματος
529 2971 578 3025 τοῖ
596 2967 711 3043 Ἀγνίου
721 3008 754 3016 -
765 2970 948 3048 κληρονόμους
961 2975 1030 3032 εἶναι
1042 2982 1087 3035 καὶ
1099 2983 1188 3034 ποιεῖν
1198 2969 1304 3034 άπαιτα

124 3077 160 3135 τά
178 3077 359 3153 νομιζόμενα,
386 3074 435 3137 τόν
457 3079 488 3134 δὲ
515 3080 612 3154 κλῆρον
640 3064 730 3135 οῖεθαι
749 3080 807 3139 δεῖν
834 3083 908 3153 ἔχειν
925 3078 973 3139 τόν
990 3077 1106 3155 ΙΑγνίου
1123 3083 1171 3137 τοῦ
1190 3089 1304 3139 τετελευ-

124 3185 235 3256 τηκότος
254 3183 448 3261 Μακάρτατον,
486 3187 535 3244 nbi
560 3193 656 3244 orator
681 3189 784 3246 vitiose
807 3191 959 3248 immiscuit
978 3192 1066 3248 verba
1103 3198 1210 3248 οῖεσθαι
1237 3193 1303 3258 δεῖν,

125 3299 170 3358 83,
189 3303 299 3370 θηρίων,
332 3300 360 3349 ο1’
377 3301 457 3362 riuum
492 3296 683 3352 xxxxvlll.
711 3300 755 3358 45.
775 3293 855 3355 ούδέν
881 3295 992 3354 πύποτί
1006 3320 1058 3372 μοι
1076 3301 1171 3370 ἔλαχες
1188 3301 1304 3358 ἐνοικίου

124 3406 203 3474 δίκην
220 3405 264 3472 τῆς
282 3410 368 3464 οἰκίας
385 3393 415 3472 λης
433 3404 546 3475 ἔφασκες
563 3404 704 3477 μισθῶσαί
720 3426 771 3478 μοι
789 3400 824 3466 τός
842 3405 941 3458 σαυτοῦ
961 3398 1058 3473 ninam
1093 3407 1258 3463 XXXXIX.
1276 3410 1303 3467 2.

124 3510 158 3568 ού
177 3519 238 3587 περὶ
256 3516 379 3575 πλείονος
397 3508 540 3580 ἐποιήσατο
559 3507 574 3566 ό
592 3509 680 3587 πατὴρ
697 3519 856 3588 περιουσίαν
873 3509 1022 3588 χρημάτων
1044 3514 1151 3587 μᾶλλον
1167 3509 1183 3583 ἢ
1202 3510 1233 3567 ού
1257 3519 1303 3568 Τι-

125 3627 222 3696 μοθέῳ
249 3617 415 3697 ὑπηρετῆσαι,
432 3621 481 3676 ubi
501 3620 602 3676 eodem
631 3620 715 3677 modo
735 3626 823 3690 atque
846 3621 1063 3686 XXXXIX.4'1
1083 3628 1112 3677 et
1130 3623 1162 3678 L.
1182 3625 1217 3682 66
1235 3627 1303 3692 post

125 3729 232 3802 μᾶλλον
249 3723 265 3793 ἥ
284 3727 464 3784 abundanter
483 3727 584 3784 additu
598 3734 643 3784 est
662 3724 693 3783 ού
712 3729 844 3801 negatio3
862 3730 1027 3792 XXXXIX.
1046 3735 1089 3792 60.
1101 3719 1180 3792 οὗτος
1186 3732 1240 3803 μὲν
1248 3726 1303 3802 γὰρ

126 3838 156 3893 ἐν
172 3835 272 3908 μὲντῷ
289 3834 454 3907 θαργηλιῶνι
471 3841 537 3907 μηνὶ
548 3840 744 3908 -συνέστησες
762 3837 856 3897 LIII
871 3839 974 3909 [λέγων]
988 3835 1109 3901 δεῖξαιδ)
1122 3834 1156 3895 ἲιν
1165 3838 1302 3906 (codices)

126 3939 210 4000 αι’·τόν
227 3943 265 4012 τῷ
281 3949 363 4018 πατρὶ
381 3944 419 4013 τῷ
437 3943 495 4017 ἐμῷ
511 3949 555 3998 καὶ
574 3943 699 4011 συστῆσαι
716 3944 755 4014 τῷ
770 3940 941 4019 Ἀρχεβιάδῃ
960 3952 1006 3999 καὶ
1023 3946 1060 4016 τῷ
1079 3952 1188 4019 Φρασίᾳ
1205 3950 1302 4020 προσέ-

124 4055 216 4124 ruffum
235 4052 311 4111 LIX.
331 4053 373 4110 73.
394 4047 531 4125 ἐξώρκωσε
546 4070 574 4105 τε
590 4047 639 4112 τάς
656 4047 774 4125 γεραράς
792 4083 834 4117 -‚
854 4048 965 4120 ἐξεδόθη
984 4052 1015 4106 δὲ
1034 4053 1072 4122 τῷ
1089 4051 1216 4124 Διονύσῳ
1233 4048 1300 4131 γυνη

125 4161 222 4244 ἔπραξε
241 4158 271 4212 δὲ
290 4189 323 4198 -—
342 4154 377 4212 τά
395 4153 505 4244 πάτρια,
524 4159 573 4218 ubi
591 4158 860 4244 respondentium
879 4175 910 4225 ne
929 4178 957 4214 τε
975 4164 1007 4216 θλ
1024 4159 1064 4228 δέ,
