2998 4826
727 363 904 417 -14-

227 545 328 598 causa,
354 545 403 584 cur
424 527 546 595 scriptor
565 525 700 580 orationis
719 525 736 593 ξ
754 524 789 578 28
809 522 977 578 contendat:
1003 518 1035 575 οὗ
1053 518 1179 596 προσήκει
1198 523 1237 587 δὲ,
1266 516 1289 576 ὢ
1310 520 1410 598 ἄνδρες

224 637 359 700 δικασταὶ,
389 632 488 691 οὐδένα
513 629 665 708 ἀνθρώπων
688 634 762 704 ἔχειν
778 628 827 688 τὸν
843 631 940 705 κλῆρον
957 628 1005 687 τὸν
1021 626 1131 702 Ἀγνίοο
1151 633 1249 701 (soll)
1266 634 1295 694 ἐξ
1315 635 1410 706 ἑτέρον

222 749 302 798 οἴνου
316 739 388 805 ὄντα,
402 741 451 802 ἕως
463 736 498 797 io
509 761 549 800 τις
567 744 687 808 λείπηται
704 737 757 795 τῶν
766 744 920 810 γενομένων
932 739 961 793 ἐν
972 738 1009 807 τῷ
1022 743 1086 808 οἴκῳ
1098 739 1135 808 τῷ
1145 734 1257 809 Ἁγνίου
1277 743 1331 809 (so.
1345 743 1411 809 I)¹),

224 846 287 904 οὐδ’
307 847 442 918 ἐκβάλλειν
465 855 518 918 βίᾳ,
543 839 610 922 ὅπερ
629 836 704 900 οὗτοι
722 841 943 920 διαπράττοιντο,
966 850 1036 915 γένει
1063 863 1090 899 τε
1111 841 1233 920 (incripta
1259 842 1337 908 ὅντες
1363 857 1411 901 καὶ

225 952 279 1010 οὐκ
297 958 326 1013 ἓν
343 955 381 1025 τῷ
400 952 472 1026 αὐτῷ
490 957 593 1024 οῐκῳῖ).

319 1172 340 1240 1)
361 1170 431 1224 Cum
444 1169 605 1225 Bunsenius
617 1167 672 1222 hoc
684 1168 748 1223 loco
760 1167 902 1236 Hagniam
914 1169 964 1237 (11)
974 1169 1199 1238 intellegendum
1210 1185 1274 1226 esse
1286 1179 1416 1225 censeat
1489 1205 1491 1240 Ι

226 1262 294 1330 (1.1.
313 1277 342 1330 p.
361 1261 411 1314 34:
433 1257 656 1324 „Demosthenes
674 1287 711 1296 -
729 1255 783 1312 hoo
802 1273 858 1311 uno
878 1273 990 1326 semper
1009 1259 1098 1312 utitur
1117 1257 1191 1313 hunc
1215 1262 1267 1327 (sc.
1288 1260 1415 1316 Eubuli-

227 1351 295 1406 dem
315 1350 391 1419 (111))
410 1349 438 1402 in
459 1346 586 1402 defuncti
611 1347 694 1401 domo
717 1348 802 1415 (οἴνῳ)
822 1378 855 1387 -
875 1363 938 1401 esse
959 1348 1182 1417 constitutum“)‚
1210 1364 1268 1402 non
1289 1355 1337 1402 est
1357 1350 1415 1402 rni-

230 1440 361 1507 randum,
381 1437 458 1507 quod
478 1441 568 1490 totam
582 1452 622 1495 or.
635 1435 797 1495 XXXXlII.
811 1436 1056 1491 ratiocinationem
1073 1437 1205 1502 ,miram“
1221 1441 1251 1490 et
1265 1439 1415 1502 ,maxime

227 1527 459 1583 memorabilem¹⁴
482 1541 546 1582 esse
573 1525 650 1580 dicit.
687 1524 743 1580 Sed
770 1541 800 1580 rc
827 1541 896 1580 vera
921 1531 1062 1580 oratorem
1089 1524 1259 1580 Eubulidem
1286 1526 1354 1595 (111)
1382 1527 1414 1580 in

230 1617 362 1686 Hagniae
383 1617 418 1684 (1)
439 1615 522 1669 domo
543 1629 606 1669 esse
626 1614 800 1669 contendere
819 1614 1040 1669 luculentissime
1060 1620 1182 1684 apparet
1201 1631 1237 1668 ex
1256 1614 1329 1670 locis
1350 1614 1414 1669 bis:

228 1707 311 1776 §W
331 1707 365 1764 el.
383 1705 451 1774 §ss
477 1699 711 1777 προσποιούμενος
732 1703 780 1756 τοῦ
801 1700 883 1756 αὐτοῦ
904 1710 980 1756 οἴκου
1006 1704 1074 1759 εἶναι
1091 1698 1186 1772 ‘Ayr‘fa
1209 1704 1259 1770 (sc.
1283 1705 1339 1775 ll);
1366 1705 1414 1763 50.

226 1790 322 1848 οὑτοσὶ
340 1793 428 1866 ἕτερος
446 1789 519 1852 οἶκός
537 1793 607 1847 ἔστιν
625 1788 640 1844 ὃ
657 1787 767 1862 Ἁγνίου
787 1788 845 1852 ἑνὸς
862 1792 915 1848 τῶν
932 1797 1068 1847 Βουσέλου
1089 1796 1180 1857 siccam·
1204 1793 1248 1851 52.
1267 1787 1337 1844 ἀλλὰ
1357 1800 1415 1848 τίνι

228 1883 345 1939 δίδωσιν
368 1884 418 1949 (se.
436 1877 484 1947 τὴν
501 1885 708 1953 κληρονομίιιν);
730 1889 786 1942 τοῖς
811 1878 931 1951 ἐκγόνοις
950 1889 1007 1942 τοῖς
1022 1877 1132 1951 ‘Ayrloo
1151 1887 1207 1940 τοῖς
1225 1872 1305 1936 οὖσιν
1323 1882 1356 1936 ἐν
1373 1881 1415 1950 τῷ

228 1977 296 2041 οἴνῳ
314 1971 351 2040 τῷ
370 1973 479 2029 ἐκείνου.
507 1971 592 2024 Errat
605 1970 689 2024 etiarn
709 1972 752 2038 (ut
765 1971 835 2025 alios
848 1975 1038 2040 praeteream)
1051 1971 1187 2039 Blassius,
1207 1970 1256 2040 qui
1274 1970 1303 2023 in
1317 1987 1412 2025 causa

231 2061 315 2114 buius
334 2076 375 2118 or.
395 2059 567 2128 explicanda
586 2060 741 2114 Romanam
761 2061 1001 2129 computationem
1022 2060 1163 2129 graduum
1182 2061 1210 2113 in
1229 2059 1274 2113 ius
1292 2057 1412 2114 heredi-

229 2149 336 2203 tarium
355 2147 571 2203 Atheniensium
591 2151 750 2221 transtulit,
770 2150 810 2204 ait
836 2150 908 2206 enim
930 2168 958 2220 p.
974 2150 1043 2204 494:
1071 2150 1145 2216 ,und
1164 2148 1238 2204 doch
1257 2149 1325 2203 liess
1346 2149 1411 2203 sich

232 2238 349 2307 acigen,
376 2237 443 2292 dass
469 2235 542 2291 nach
569 2236 706 2306 richtiger
724 2239 949 2307 Interpretation
969 2240 1020 2294 des
1040 2239 1178 2294 Gesetzes
1203 2241 1253 2306 (sc.
1273 2237 1309 2292 de
1329 2254 1411 2296 succ.

234 2328 270 2382 ab
289 2328 397 2394 intest.)
417 2326 584 2395 Theopomp
605 2341 657 2394 gar
675 2326 742 2381 hein
755 2327 895 2383 Erbrecht
914 2327 997 2395 habe,
1018 2327 1055 2382 da
1076 2343 1106 2382 er
1125 2327 1203 2381 nicht
1215 2327 1411 2382 Vcttsrssohn

229 2411 421 2484 (ἀνεψιαδοῦς)
447 2415 499 2469 des
524 2414 661 2483 Hagnias,
686 2415 811 2470 sondern
836 2433 882 2470 um
907 2417 989 2471 einen
1009 2415 1105 2471 Grad
1130 2417 1228 2471 weiter
1253 2419 1410 2472 vorwandt

233 2521 301 2573 war,
329 2503 423 2559 indern
445 2504 506 2558 ihre
523 2504 631 2559 Vaeter
649 2504 771 2559 Vettern
794 2510 954 2574 gewcsen,“
992 2506 1111 2573 Primus,
1139 2505 1216 2574 quod
1241 2505 1339 2574 sciam,
1367 2523 1410 2566 or.

231 2592 396 2652 XXXXIll.
410 2593 686 2663 argumentationem
700 2593 841 2648 intellexit
854 2593 1056 2663 Grassboflius,
1075 2594 1122 2664 qui
1141 2595 1160 2652 1.
1172 2595 1190 2652 1.
1209 2611 1237 2662 p.
1251 2595 1285 2648 12
1298 2600 1358 2654 not.
1373 2597 1410 2650 36
1489 2604 1490 2619 ’

232 2683 322 2738 haec:
350 2700 431 2749 ,nam
451 2681 619 2738 Eubulidem
639 2682 687 2736 111-
706 2699 759 2751 per
777 2684 1077 2753 Hagntaellavums
1094 2683 1288 2738 adversarium
1308 2690 1409 2740 autern
1489 2698 1490 2753 l

231 2788 286 2842 per
305 2788 447 2842 proavum
466 2789 529 2828 cum
549 2771 662 2840 Hagnia
682 2772 710 2826 11
730 2773 902 2842 cognatione
929 2773 1109 2828 coniunctum
1132 2771 1220 2828 fuisse
1239 2778 1336 2828 orator
1356 2774 1408 2829 de-

234 2866 402 2919 monstrat.“
1488 2882 1489 2925 l

326 2969 350 3036 ²)
369 2968 454 3023 Dicet
473 2966 598 3023 fortasse
617 2967 768 3037 quispiam,
793 2968 841 3036 qui
868 2984 930 3022 cum
951 2965 1100 3036 Scaligero
1127 2968 1208 3034 (hius.
1228 2966 1280 3025 Bb.
1299 2968 1409 3028 XXXI.

146 3061 148 3064 ’
233 3075 324 3128 pagg.
345 3058 397 3112 116
416 3059 529 3127 proxx.)
550 3063 579 3111 et
600 3054 777 3111 Grassboffio
797 3057 825 3124 (1.
846 3057 863 3111 l.
882 3073 971 3126 pagg.
992 3057 1018 3124 8,
1038 3057 1081 3125 19,
1101 3057 1218 3125 'll—79)
1236 3072 1409 3126 persuasum

232 3147 324 3202 habet
346 3146 437 3202 verba
456 3145 627 3215 legis'§.bl
653 3145 832 3216 adscriptae,
858 3139 905 3215 qu.
926 3147 950 3204 s.'
964 3142 1017 3201 ,ἐὰν
1042 3146 1071 3200 tlt
1094 3137 1315 3219 μηδετέρωθεν)
1335 3142 1411 3206 ἐντὸς

233 3231 343 3298 τούτων,
362 3225 411 3291 'riv
428 3231 496 3308 πρὸς
513 3229 615 3308 πατρὸς
633 3231 768 3305 ἐγγυτάτω
786 3232 881 3307 κύριον
894 3235 970 3298 εἶναι,
985 3233 1052 3290 ficta
1065 3225 1129 3290 esse
1143 3229 1159 3289 a
1172 3236 1267 3303 legum
1281 3234 1409 3303 quodam

235 3325 419 3393 fabricatore,
439 3329 582 3378 oratorem
601 3324 736 3380 debuisse
750 3325 945 3380 demonstrare
961 3341 1017 3379 non
1030 3331 1088 3378 tarn
1103 3323 1319 3392 Theopompum
1338 3327 1410 3391 γένει

236 3414 416 3471 remotiorem
436 3429 500 3469 esse
513 3413 654 3468 Eubulide
669 3414 741 3482 (111).
761 3429 845 3483 quam
865 3429 928 3468 eum
949 3418 982 3467 ut
995 3413 1140 3468 sobrinum
1155 3412 1283 3467 defuncti
1295 3412 1409 3466 omnino

233 3503 418 3558 successione
439 3503 585 3557 exclusum
604 3518 678 3561 esse.
714 3503 823 3572 Atqui
843 3503 973 3557 sobrinos
991 3502 1020 3556 in
1039 3502 1083 3556 ius
1103 3501 1291 3556 successionis
1310 3500 1410 3555 venire

237 3593 366 3661 negabit,
393 3609 457 3648 eum
483 3592 590 3660 optime
610 3607 695 3661 spero
718 3591 808 3648 refelli
826 3607 913 3662 posse
932 3591 1053 3662 primum
1073 3591 1169 3646 verbis
1189 3589 1279 3658 lsaei,
1305 3588 1410 3657 quibus
1486 3621 1487 3636 t

233 3681 292 3735 illis
311 3682 355 3736 ius
373 3681 542 3736 hereditatis
562 3697 626 3736 csse
647 3687 747 3750 aperte
766 3679 924 3736 affirmatur
943 3681 991 3748 (de
1010 3682 1105 3751 Hagn.
1125 3679 1186 3735 ber.
1206 3680 1239 3748 fi}
1258 3678 1283 3746 8,
1304 3677 1346 3745 ll,
1367 3678 1410 3744 12,

153 3775 156 3782 '
236 3771 291 3839 30).
329 3771 441 3826 Dciade
461 3771 527 3825 mibi
546 3769 661 3839 quidem
682 3770 795 3826 videtur
813 3777 935 3826 naturae
955 3771 1076 3826 maxime
1099 3784 1261 3838 congruens
1281 3781 1354 3833 csse,
1377 3774 1409 3820 ut

232 3865 304 3929 post
323 3876 382 3928 eos,
402 3860 450 3929 qui
469 3855 537 3934 πρὸς
554 3855 656 3933 πατρός
674 3864 703 3914 et
722 3855 790 3934 πρὸς
807 3855 909 3933 μητρὸς
925 3867 1011 3934 μέχρι
1031 3856 1149 3922 ἀνεψιῶν
1166 3858 1274 3911 παίδων
1289 3864 1364 3924 sunt,
1384 3859 1409 3914 ei

237 3949 266 4003 in
285 3948 474 4005 hereditatem
501 3955 650 4016 vocentur,
673 3949 725 4018 'qui
744 3965 761 4004 a
779 3965 890 4020 proavo
909 3945 977 4023 πρὸς
995 3945 1097 4021 πατρός
1123 3947 1310 4002 descendunt.
1348 3949 1408 4002 Non

234 4039 329 4108 probo
348 4038 437 4107 igitur
450 4038 578 4093 ordinem
591 4039 788 4108 successionis,
808 4054 891 4107 quem
907 4038 1063 4094 Grassholl.
1082 4040 1100 4094 l.
1113 4038 1130 4092 l.
1150 4053 1177 4105 p.
1193 4037 1225 4091 71
1246 4036 1407 4091 constituit:

235 4127 286 4195 ,st
305 4143 376 4183 vero
395 4143 478 4184 nemo
498 4126 560 4195 fuit,
585 4127 634 4196 qui
659 4129 697 4183 ab
717 4143 771 4183 aro
792 4126 919 4184 defuncti
937 4133 1060 4198 paterno
1080 4125 1240 4195 descendit,
1264 4124 1406 4180 hereditas
