2954 4824
199 338 240 400 20

199 506 361 586 stimmen,
392 503 457 568 und
486 503 539 570 dis
561 503 799 587 Aufforderung
829 524 916 568 muas
942 503 980 586 ja
1006 503 1134 586 ruhiger
1157 503 1239 581 seim
1274 503 1319 568 sie

199 609 287 674 kann
318 606 385 672 sioh
415 605 523 671 indess
555 606 616 672 wie
647 607 680 670 in
710 607 767 671 der
796 605 1140 672 Gesandtsohaftsrede
1174 626 1216 670 au
1251 606 1320 671 eine

198 710 339 792 kraftige
371 708 558 793 Auspraohe
594 709 827 792 ansehliessen,
859 708 956 774 deren
985 708 1144 792 Wirkung
1176 707 1226 772 ftir
1260 707 1320 773 den

199 812 383 880 Sehlussatz
412 831 471 876 nur
500 811 550 876 ftir
580 811 642 876 den
666 812 806 876 Moment
832 810 999 895 gedampft
1026 811 1114 875 wird.
1160 809 1226 891 Ost,
1261 811 1321 875 wie

199 915 232 980 in
255 915 312 979 der
334 913 493 997 Leptinea
515 913 580 978 und
603 915 635 976 in
658 913 786 995 einigen
809 911 1031 996 Privatueden,
1061 913 1144 977 steht
1167 933 1205 978 zu
1229 911 1321 977 Eudo

199 1019 271 1084 eine
300 1015 583 1083 wiederkehrende
613 1017 692 1082 feste
719 1016 857 1098 Formel,
890 1015 965 1082 dass
995 1016 1051 1080 der
1081 1016 1210 1080 Redner
1241 1014 1321 1080 hisr-

202 1121 262 1185 mit
295 1119 376 1184 alles
409 1127 536 1203 gesagt3
569 1117 621 1184 die
654 1117 967 1200 vorhergehende
993 1117 1241 1200 ¹Ermahnung
1275 1138 1320 1183 an

74 1277 76 1282 ,
198 1224 261 1288 die
292 1222 449 1287 Richter
482 1222 533 1284 ist
564 1220 703 1303 gerade
735 1221 771 1284 in
799 1220 864 1285 der
895 1220 1080 1305 Leptinea
1111 1221 1320 1286 besonders

198 1324 370 1390 lebhast.’
414 1325 529 1406 Itaque
552 1343 623 1387 oum
644 1322 787 1388 Nitsohio
803 1323 924 1388 exitum
940 1323 1179 1391 Androtioneae
1200 1323 1320 1406 deesse,

198 1426 255 1492 sed
289 1427 388 1491 fuisse
421 1427 581 1506 quondam
621 1424 861 1509 suspicabimur.
923 1426 1035 1507 Neque
1069 1424 1319 1490 obliviscendum

198 1537 258 1610 est,
289 1549 352 1594 non
380 1527 440 1592 hae
470 1529 572 1592 solum
604 1533 696 1613 parte
734 1528 816 1592 hane
853 1526 1028 1592 orationem
1061 1549 1209 1594 maneam
1242 1548 1319 1609 esse,

198 1632 256 1698 sed
287 1631 384 1696 etiam
406 1637 479 1715 post
509 1628 594 1716 §aa
622 1631 702 1694 satis
724 1630 865 1715 amplum
888 1630 1064 1695 membrum
1087 1631 1257 1714 interiisse,
1287 1631 1319 1695 id

199 1734 372 1817 quodiam
396 1753 494 1818 supra
517 1732 814 1797 demonstravimus.
859 1732 923 1798 Sed
945 1753 1028 1798 nune
1052 1733 1222 1818 quaeritur,
1245 1755 1319 1815 quo-

199 1837 294 1901 modo
317 1842 348 1900 et
371 1856 433 1918 quo
457 1842 599 1918 tempore
629 1833 708 1901 haee
739 1835 841 1899 oratio
870 1836 1106 1920 perorationem
1129 1856 1223 1900 suam
1243 1838 1318 1900 ami-

198 1940 282 2006 serit.
345 1937 448 2015 Quam
491 1937 724 2022 perorationem
767 1938 855 2002 nullo
898 1937 1032 2020 vestigio
1075 1938 1185 2003 relioto
1228 1939 1320 2004 inter-

198 2043 275 2108 iisse
298 2040 520 2142 etoverborum
544 2046 684 2105 tenorem
715 2040 747 2103 in
775 2040 846 2124 ipso
868 2038 930 2105 fine
954 2040 1242 2124 argumentationis
1265 2041 1321 2106 ab·

199 2152 325 2229 ruptum
349 2162 419 2208 esse
442 2148 530 2227 post
560 2143 680 2208 editam
704 2142 890 2225 orationem,
913 2143 984 2225 quis
1007 2142 1067 2210 sibi
1089 2143 1318 2228 persuadebit?

200 2246 277 2311 Mihi
302 2245 431 2329 quidem
454 2245 518 2308 iam
543 2251 715 2327 antequam
739 2245 825 2310 edita
849 2252 947 2327 esset,
978 2246 1137 2311 eonelusio
1160 2245 1319 2312 interiisse

198 2349 332 2429 videtur,
363 2353 397 2412 ut
420 2346 471 2411 hio
493 2347 591 2426 idem,
622 2347 707 2430 quod
730 2348 762 2411 in
786 2344 871 2432 §2st
895 2347 989 2412 huius
1017 2349 1172 2413 orationis
1198 2349 1318 2415 factum

198 2457 259 2534 est,
282 2449 446 2531 acciderit,
477 2449 511 2513 id
534 2449 620 2532 quod
641 2469 760 2534 ponere
782 2449 905 2532 licebit,
936 2451 962 2514 si
986 2450 1237 2535 meminerimus,
1261 2452 1319 2518 De-

198 2552 394 2618 mosthenem
418 2549 593 2616 orationem
619 2553 767 2616 eoutinuo
792 2551 903 2617 ordine
926 2553 1077 2638 seriptam
1094 2553 1234 2620 Diodoro
1258 2561 1320 2619 tra-

199 2655 332 2737 didisse,
363 2655 533 2720 retinuisse
564 2674 639 2720 vero
670 2654 822 2736 schedas,
856 2655 971 2736 quibus
1004 2656 1138 2739 singulis
1172 2657 1319 2741 singulas

197 2759 333 2823 fortasse
356 2763 466 2842 partes
489 2757 643 2821 orationis
666 2757 896 2824 mandavisset.
934 2759 982 2822 Ex
1004 2757 1053 2823 his
1069 2765 1174 2824 autern
1192 2760 1319 2825 schedis

199 2861 317 2940 oratio,
352 2880 447 2942 quam
482 2879 541 2923 nos
575 2859 729 2923 traditam
763 2858 931 2942 habemus,
964 2861 1053 2925 edita
1083 2880 1152 2926 esse
1184 2862 1318 2946 videtur,

198 2962 283 3045 quod
306 2981 376 3026 eum
399 2962 494 3044 longo
517 2961 697 3026 intermisso
721 2962 873 3046 temporis
896 2963 1001 3047 spatio
1024 2963 1141 3028 fastum
1156 2962 1214 3048 sit,
1238 2966 1317 3030 satis

197 3064 400 3147 intellegitur,
428 3083 525 3146 quam
552 3051 734 3129 faoile'una
758 3064 902 3130 alterave
926 3084 965 3129 ex
988 3064 1052 3129 illis
1075 3064 1201 3130 schedis
1225 3067 1317 3133 inter·

197 3167 243 3231 ire
265 3166 412 3251 potuerit.

282 3270 408 3352 Restat,
440 3275 474 3332 ut
505 3269 580 3351 quid
610 3267 671 3334 hae
701 3269 924 3335 dissertatione
954 3269 1099 3335 effectum
1123 3270 1175 3354 sit,
1209 3272 1316 3337 animo

197 3371 455 3455 complectamur.
499 3370 634 3435 Duabus
657 3370 801 3456 partibus
825 3371 906 3436 hane
928 3373 1103 3438 orationem
1127 3374 1317 3457 mutilatam,

197 3473 325 3540 tertium
356 3474 471 3556 locum,
501 3493 698 3556 quamquam
725 3495 745 3539 a
775 3473 989 3540 Demosthene
1017 3476 1180 3561 seriptum,
1210 3484 1315 3543 tamen

198 3596 261 3640 non
285 3576 327 3643 ab
350 3575 461 3642 eodem
485 3576 638 3642 insertum
662 3596 733 3642 esse
749 3576 895 3642 vidimus.
940 3579 1052 3661 Neque
1067 3599 1142 3646 vero
1164 3578 1224 3644 hoe
1246 3587 1316 3665 post

197 3678 316 3744 editam
339 3679 515 3744 orationem
539 3679 658 3744 faetum
682 3687 738 3761 est,
762 3680 819 3745 sed
841 3700 881 3746 ea
908 3681 974 3746 fere
1003 3681 1117 3762 forma,
1149 3703 1213 3765 qua
1244 3703 1313 3748 earn

197 3781 347 3847 traditam
375 3769 540 3859 habemus,
574 3783 662 3847 edita
693 3802 763 3848 esse
785 3783 919 3849 videtur.
965 3784 1056 3850 Unde
1078 3784 1220 3865 efficitur,
1253 3806 1314 3850 non

197 3883 457 3967 aDemosthene,
481 3884 569 3950 euius
593 3905 668 3949 eura
692 3892 724 3951 et
747 3885 915 3968 diligentia
937 3889 970 3950 in
993 3888 1194 3972 proverbium
1211 3908 1332 3972 paene,

196 3987 289 4069 abiit,
312 4006 384 4052 eam
406 3987 542 4070 editam,
569 3987 625 4053 sed
649 3987 922 4054 adnumerandam
947 4009 1018 4055 esse
1040 3990 1089 4056 eis
1112 3990 1315 4073 orationibus,

196 4108 278 4171 quas
308 4109 369 4153 non
401 4089 442 4155 ab
471 4090 540 4174 ipso
571 4090 799 4171 Demosthene,
829 4091 965 4157 fortasse
996 4099 1068 4177 post
1091 4093 1159 4158 eius
1182 4099 1312 4157 mortem

196 4191 322 4256 demum
347 4191 433 4256 foras
463 4191 599 4258 emissas
629 4211 700 4258 esse
729 4193 789 4256 viri
819 4192 903 4258 docti
934 4194 1158 4278 probaverunt.
1210 4195 1311 4271 Quam
