2954 4824
1233 355 1271 416 17

152 525 262 599 torem,
294 517 330 601 si,
359 519 490 601 quinam
513 518 723 602 exstitissent,
753 519 818 583 iam
841 503 996 586 seirisset
1040 520 1124 586 Nam
1148 519 1275 586 etiamsi

150 621 183 684 in
218 640 299 690 voce
329 639 414 702 quae
445 629 493 685 est
516 619 595 696 ἴσως
619 640 659 685 ne
690 621 735 685 sie
765 621 892 703 quidem
928 621 1154 688 effendendum
1181 629 1276 706 esset,

151 730 260 788 tamen
292 722 408 802 rerba,
438 743 522 804 quae
552 723 720 804 adduntur,
749 723 805 786 καὶ
832 746 920 800 τινες
950 715 1044 787 ἄλλοι
1074 724 1275 790 mirationem

150 825 301 908 faeerent,
325 825 402 906 quia
424 845 486 889 non
502 825 548 890 ita
563 825 680 890 multos
695 825 795 890 fuisse
811 826 978 908 probabile
992 832 1052 907 est,
1075 827 1132 892 sed
1148 847 1277 910 paueos,

151 946 286 1008 quorum
309 928 441 991 nomina
465 927 534 991 sine
556 927 653 991 dubio
673 927 813 992 emnium
829 928 1033 992 nominasset.
1070 929 1185 1010 Itaque
1200 936 1276 996 ante

153 1031 298 1094 habitam
315 1030 489 1095 orationem
507 1031 626 1113 scripta
641 1050 712 1094 esse
727 1036 759 1094 et
774 1050 866 1095 suum
886 1031 988 1094 loeum
1005 1036 1113 1096 tenere
1129 1032 1278 1097 ridentur

150 1133 206 1198 illa
221 1132 352 1214 quidem
371 1133 475 1211 verba,
499 1152 582 1214 quae
597 1131 636 1218 ἐξ
654 1135 702 1198 38.
718 1140 749 1197 et
765 1136 814 1197 39.
831 1133 1038 1216 eontinentur,
1055 1133 1112 1198 sed
1128 1153 1176 1216 ea,
1192 1153 1276 1216 quae

149 1234 186 1322 ἓξ
203 1241 252 1298 40.
270 1242 302 1300 et
317 1241 366 1298 41.
382 1236 538 1318 leguntur,
554 1236 623 1299 sela
635 1235 754 1300 Blassii
770 1235 978 1300 damnatione
993 1244 1175 1318 tanguntur,
1191 1237 1275 1319 qued

150 1337 280 1420 quidem
314 1338 356 1401 ad
390 1338 596 1421 praeeipitem
628 1337 718 1401 illurn
749 1339 932 1420 transitum,
966 1338 1021 1420 qui
1054 1345 1103 1402 est
1135 1339 1167 1402 in
1198 1359 1276 1405 vooe

151 1432 290 1521 ,αὐτόνί
306 1439 338 1525 (ξ
355 1439 426 1525 ta),
450 1441 573 1505 attinet.
618 1441 676 1504 His
693 1440 777 1504 enim
793 1441 898 1505 verbis
922 1440 1031 1506 eiectis
1046 1441 1188 1506 durities
1210 1443 1276 1526 illa,

150 1563 234 1626 quae
258 1549 308 1607 est
331 1544 364 1607 in
387 1544 500 1608 vooulu
523 1534 670 1622 ,adadv‘,
694 1543 822 1624 tollitur,
846 1543 923 1624 quia
945 1533 1084 1621 ,αὐτόν
1100 1544 1143 1608 ad
1159 1546 1276 1626 plures,

150 1647 188 1711 de
212 1645 329 1728 quibus
351 1645 383 1708 in
407 1645 671 1710 antecedentibus
693 1644 909 1728 paragraphis
934 1646 1048 1728 agitur,
1079 1646 1208 1710 omnino
1231 1666 1277 1712 re

149 1748 259 1813 voeari
290 1768 352 1812 non
383 1753 488 1830 potest
519 1766 657 1827 eamque
680 1748 719 1811 eb
743 1767 808 1812 rem
833 1767 925 1812 nemo
955 1747 1016 1816 uisi
1039 1767 1112 1812 reus
1134 1748 1276 1832 intellegi

151 1857 264 1934 potest.
310 1847 402 1926 Quae
426 1851 585 1913 sententia
607 1868 645 1913 eo
668 1848 819 1932 firmatur,
848 1850 940 1932 quod,
969 1869 1039 1914 eum
1064 1857 1190 1915 ceterae
1212 1858 1276 1916 tres

149 1953 331 2038 partieulae
354 1971 464 2016 omnes
487 1951 712 2016 adhortatione
739 1953 782 2016 ad
804 1951 929 2016 iudiees
951 1952 1038 2016 faeta
1061 1952 1277 2034 absolvantur,

150 2057 230 2122 haee
262 2055 332 2120 sela
364 2055 525 2138 particula
556 2054 612 2118 illa
642 2054 865 2119 adhortatione
897 2063 994 2120 earet.
1038 2055 1209 2120 Praeterea
1238 2075 1278 2121 ea

148 2161 237 2244 ipsa,
260 2175 343 2240 quae
366 2157 407 2222 de
430 2156 568 2222 Arabiae
592 2155 749 2244 ἐπιεικείᾳ
773 2159 900 2241 prolata
924 2166 1013 2240 sunt,
1043 2178 1106 2223 non
1130 2157 1277 2223 videntur

150 2281 220 2330 esse
256 2262 302 2325 ita
334 2265 538 2343 eomparata,
576 2267 609 2324 ut
643 2259 797 2343 praesciri
831 2261 974 2343 petuisse
1008 2279 1048 2325 ea
1081 2261 1122 2326 ab
1150 2267 1278 2326 oratore

152 2363 319 2449 probabile
350 2362 404 2443 sit,
437 2363 622 2445 priusquam
654 2362 708 2426 ille
731 2362 829 2426 verba
862 2362 997 2428 fecisset.
1041 2362 1120 2449 Mihi
1149 2362 1276 2445 quidem

150 2466 333 2534 ἐπιείκειαν
356 2485 447 2530 suam
464 2465 604 2529 Archias
627 2466 659 2528 in
683 2465 828 2529 oratione
850 2484 928 2548 prae
951 2484 986 2529 se
1009 2465 1120 2530 tulisse
1143 2465 1278 2546 ridetur,

152 2591 249 2654 quam
273 2569 324 2632 hie
347 2575 506 2632 oratorem
531 2568 634 2633 ridere
657 2567 810 2632 ridemus.
856 2567 940 2644 Quid
963 2566 1059 2650 igitur
1082 2567 1278 2648 probabilius

152 2693 224 2738 esse
247 2677 367 2755 petest,
399 2690 510 2753 quam,
540 2679 711 2754 postquam
733 2669 869 2738 Arehias
893 2669 1068 2735 orationem
1095 2689 1186 2734 suam
1209 2691 1279 2753 pre·

151 2776 291 2856 tulisset,
314 2772 354 2860 ἐξ
371 2778 419 2839 lo.
436 2781 468 2838 et
484 2778 535 2836 41.
558 2793 629 2838 esse
651 2774 796 2837 insertas.
842 2774 955 2854 Neque
977 2779 1100 2855 tamen,
1123 2773 1182 2837 etsi
1205 2781 1279 2856 post

152 2878 297 2942 habitam
319 2876 495 2940 orationem
519 2877 640 2940 inserta
659 2895 729 2940 esse
744 2875 802 2938 illa
819 2875 917 2956 verba
933 2874 1089 2958 videntur,
1112 2874 1278 2940 alibrario

152 2982 203 3046 rel
227 2980 353 3045 rhetore
376 2979 530 3062 temporis
553 2977 738 3062 posterioris
762 2978 918 3042 eonseribi
942 2984 1120 3060 potuerunt,
1143 2977 1278 3042 sednon

153 3085 198 3148 ita
221 3082 321 3146 multo
344 3088 418 3165 post
441 3099 571 3145 eausam
595 3086 760 3164 peractam
791 3079 831 3144 ab
855 3099 902 3163 eo,
932 3080 986 3161 qui
1017 3079 1144 3144 illarum
1173 3098 1278 3144 rerum

153 3184 301 3250 notitiam
324 3182 463 3248 haberet.
507 3183 621 3264 Neque
644 3181 820 3264 quidquam
844 3202 902 3246 nes
928 3182 1077 3265 impedit,
1108 3180 1278 3263 quominus

153 3288 194 3352 ab
225 3286 296 3370 ipso
321 3284 536 3350 Demosthene
566 3285 683 3366 scripta
715 3291 747 3348 et
777 3283 903 3349 sehedis
932 3283 1084 3348 erationis
1115 3303 1194 3348 suae
1223 3283 1278 3346 ad·
1379 3271 1381 3276 ’

153 3390 263 3454 iuneta
285 3406 356 3453 esse
379 3386 436 3451 illa
458 3386 557 3450 verba
580 3385 785 3469 suspicemur,
816 3384 912 3467 idque
943 3404 1015 3448 eum
1044 3385 1159 3449 iecisse
1188 3389 1278 3467 puta-

154 3491 258 3555 bimus
282 3510 320 3555 eo
344 3488 486 3572 oonsilio,
509 3494 551 3570 ut,
574 3488 601 3552 si
624 3487 755 3569 quande
779 3486 862 3551 bane
878 3487 1053 3553 orationem
1069 3486 1185 3569 ederet,
1209 3471 1278 3550 dili·

154 3594 281 3677 gentius
311 3591 398 3657 illius
432 3591 493 3656 loei
525 3591 627 3655 teneri
656 3590 713 3654 illa
744 3590 843 3654 rerba
872 3589 1136 3654 accommodaret.
1186 3586 1294 3666 Quod,

156 3716 226 3761 eum
261 3695 382 3760 laetum
415 3714 477 3758 non
511 3713 583 3757 esse
613 3692 799 3774 rideamus,
833 3692 989 3774 sequitur,
1022 3698 1057 3755 ut
1086 3691 1143 3755 illa
1172 3691 1280 3772 verba,

157 3817 356 3880 quamquam
378 3797 496 3880 seripta
519 3794 775 3876 aDemosthene,
798 3814 861 3858 nen
884 3802 999 3874 tamen,
1023 3811 1087 3876 qua
1110 3800 1179 3858 erat
1202 3811 1279 3857 eura

157 3908 188 3965 et
210 3900 385 3984 diligentia,
408 3899 529 3963 inserta
553 3916 624 3961 esse
646 3897 678 3960 in
703 3897 856 3961 orationis
878 3903 1019 3960 tenerem
1036 3896 1213 3979 putandum
1230 3895 1279 3959 sit.

159 4002 220 4067 Sed
244 4023 264 4066 a
288 4019 350 4084 que
373 4000 494 4065 inserta
517 4000 588 4080 sint,
612 3999 695 4064 infra
717 3999 903 4063 ridebimus.

242 4102 334 4181 Quae
356 4103 432 4167 inde
447 4122 467 4166 a
483 4101 501 4186 ξ
520 4105 569 4167 42.
593 4120 694 4182 usque
717 4101 758 4165 ad
783 4098 869 4186 §ab
891 4099 1035 4182 legimus,
1057 4099 1136 4164 nihil
1159 4099 1279 4164 habent

161 4205 362 4272 difficultatis.

1042 4322 1057 4372 2
