<?xml version="1.0" encoding="UTF-8"?>
<!DOCTYPE html PUBLIC "-//W3C//DTD XHTML 1.0 Transitional//EN"
    "http://www.w3.org/TR/xhtml1/DTD/xhtml1-transitional.dtd">
<html xmlns="http://www.w3.org/1999/xhtml" xml:lang="en" lang="en">
 <head>
  <title>
</title>
<meta http-equiv="Content-Type" content="text/html;charset=utf-8" />
  <meta name='ocr-system' content='tesseract 3.04.00' />
  <meta name='ocr-capabilities' content='ocr_page ocr_carea ocr_par ocr_line ocrx_word'/>
</head>
<body>
  <div class='ocr_page' id='page_1' title='image "./dedemosthenisor00hubogoog_0115.png"; bbox 0 0 2988 4820; ppageno 0'>
   <div class='ocr_carea' id='block_1_1' title="bbox 681 419 860 475">
    <p class='ocr_par' dir='ltr' id='par_1_1' title="bbox 681 419 860 475">
     <span class='ocr_line' id='line_1_1' title="bbox 681 419 860 475; baseline 0 -19"><span class='ocrx_word' id='word_1_1' title='bbox 681 419 860 475; x_wconf 49' lang='lat'>*74-</span> 
     </span>
    </p>
   </div>
   <div class='ocr_carea' id='block_1_2' title="bbox 270 577 1367 647">
    <p class='ocr_par' dir='ltr' id='par_1_2' title="bbox 270 577 1367 647">
     <span class='ocr_line' id='line_1_2' title="bbox 270 577 1367 647; baseline 0.004 -17"><span class='ocrx_word' id='word_1_2' title='bbox 270 577 519 644; x_wconf 86' lang='lat' dir='ltr'>Paronomasiac¹)</span> <span class='ocrx_word' id='word_1_3' title='bbox 547 577 660 630; x_wconf 90' lang='lat' dir='ltr'>unicum</span> <span class='ocrx_word' id='word_1_4' title='bbox 689 583 770 630; x_wconf 83' lang='lat' dir='ltr'>extat</span> <span class='ocrx_word' id='word_1_5' title='bbox 799 581 972 647; x_wconf 83' lang='lat' dir='ltr'>exemplum:</span> <span class='ocrx_word' id='word_1_6' title='bbox 1000 580 1163 634; x_wconf 85' lang='lat' dir='ltr'>XXXXIII.</span> <span class='ocrx_word' id='word_1_7' title='bbox 1183 583 1226 639; x_wconf 85' lang='grc'>60,</span> <span class='ocrx_word' id='word_1_8' title='bbox 1252 585 1275 632; x_wconf 79' lang='grc' dir='ltr'>εἰ</span> <span class='ocrx_word' id='word_1_9' title='bbox 1296 581 1367 634; x_wconf 75' lang='grc' dir='ltr'>Θεό.</span> 
     </span>
    </p>
   </div>
   <div class='ocr_carea' id='block_1_3' title="bbox 179 678 1370 971">
    <p class='ocr_par' dir='ltr' id='par_1_3' title="bbox 179 678 1370 971">
     <span class='ocr_line' id='line_1_3' title="bbox 179 678 1370 758; baseline 0.004 -22"><span class='ocrx_word' id='word_1_10' title='bbox 179 704 291 755; x_wconf 75' lang='grc' dir='ltr'>τιομττος</span> <span class='ocrx_word' id='word_1_11' title='bbox 317 680 494 750; x_wconf 65' lang='grc' dir='ltr'>τετελεύτηκεν</span> <span class='ocrx_word' id='word_1_12' title='bbox 522 678 661 737; x_wconf 61' lang='lat' dir='ltr'>&amp;reuereri</span> <span class='ocrx_word' id='word_1_13' title='bbox 681 681 774 758; x_wconf 72' lang='grc' dir='ltr'>πατὴρ,</span> <span class='ocrx_word' id='word_1_14' title='bbox 805 691 831 738; x_wconf 82' lang='grc' dir='ltr'>οἶ</span> <span class='ocrx_word' id='word_1_15' title='bbox 850 682 932 758; x_wconf 76' lang='grc' dir='ltr'><em>νόμοι</em></span> <span class='ocrx_word' id='word_1_16' title='bbox 952 682 984 738; x_wconf 77' lang='grc' dir='ltr'>οὗ</span> <span class='ocrx_word' id='word_1_17' title='bbox 1003 682 1220 753; x_wconf 64' lang='grc' dir='ltr'>τετελειτὴκασιν,</span> <span class='ocrx_word' id='word_1_18' title='bbox 1249 683 1313 741; x_wconf 73' lang='lat' dir='ltr'>er’di</span> <span class='ocrx_word' id='word_1_19' title='bbox 1332 685 1370 741; x_wconf 75' lang='grc' dir='ltr'>τὸ</span> 
     </span>
     <span class='ocr_line' id='line_1_4' title="bbox 181 788 491 856; baseline 0.01 -14"><span class='ocrx_word' id='word_1_20' title='bbox 181 791 289 846; x_wconf 74' lang='grc' dir='ltr'><em>δίκαιον</em></span> <span class='ocrx_word' id='word_1_21' title='bbox 307 788 491 856; x_wconf 72' lang='grc' dir='ltr'><em>τετελεύτηκεν.</em></span> 
     </span>
     <span class='ocr_line' id='line_1_5' title="bbox 271 898 1365 971; baseline 0.005 -20"><span class='ocrx_word' id='word_1_22' title='bbox 271 898 351 952; x_wconf 87' lang='lat' dir='ltr'>Haec</span> <span class='ocrx_word' id='word_1_23' title='bbox 370 898 465 966; x_wconf 88' lang='lat' dir='ltr'>habui,</span> <span class='ocrx_word' id='word_1_24' title='bbox 485 915 559 967; x_wconf 90' lang='lat' dir='ltr'>quae</span> <span class='ocrx_word' id='word_1_25' title='bbox 580 899 747 953; x_wconf 80' lang='lat' dir='ltr'><strong>dissererem</strong></span> <span class='ocrx_word' id='word_1_26' title='bbox 763 900 798 953; x_wconf 89' lang='lat' dir='ltr'>de</span> <span class='ocrx_word' id='word_1_27' title='bbox 813 906 914 954; x_wconf 87' lang='lat' dir='ltr'>ornatu</span> <span class='ocrx_word' id='word_1_28' title='bbox 928 899 1100 970; x_wconf 83' lang='lat' dir='ltr'>figurisque3</span> <span class='ocrx_word' id='word_1_29' title='bbox 1120 901 1231 962; x_wconf 87' lang='lat' dir='ltr'>idonea,</span> <span class='ocrx_word' id='word_1_30' title='bbox 1253 903 1365 971; x_wconf 81' lang='lat' dir='ltr'>opinor,</span> 
     </span>
    </p>
   </div>
   <div class='ocr_carea' id='block_1_4' title="bbox 181 1006 1369 1183">
    <p class='ocr_par' dir='ltr' id='par_1_4' title="bbox 181 1006 1369 1183">
     <span class='ocr_line' id='line_1_6' title="bbox 181 1006 1369 1075; baseline 0.008 -18"><span class='ocrx_word' id='word_1_31' title='bbox 181 1020 256 1072; x_wconf 84' lang='lat' dir='ltr'>qrrae</span> <span class='ocrx_word' id='word_1_32' title='bbox 277 1006 326 1061; x_wconf 85' lang='lat' dir='ltr'>tibi</span> <span class='ocrx_word' id='word_1_33' title='bbox 347 1023 480 1075; x_wconf 84' lang='lat' dir='ltr'>magnam</span> <span class='ocrx_word' id='word_1_34' title='bbox 500 1007 574 1060; x_wconf 88' lang='lat' dir='ltr'>inter</span> <span class='ocrx_word' id='word_1_35' title='bbox 593 1008 737 1062; x_wconf 89' lang='lat' dir='ltr'>orationes</span> <span class='ocrx_word' id='word_1_36' title='bbox 757 1009 874 1067; x_wconf 84' lang='lat' dir='ltr'>XXXV.</span> <span class='ocrx_word' id='word_1_37' title='bbox 894 1009 1369 1066; x_wconf 73' lang='lat' dir='ltr'>xxxxl11.XYxxvlll.etee-</span> 
     </span>
     <span class='ocr_line' id='line_1_7' title="bbox 181 1114 1021 1183; baseline 0.006 -20"><span class='ocrx_word' id='word_1_38' title='bbox 181 1116 259 1166; x_wconf 86' lang='lat' dir='ltr'>teras</span> <span class='ocrx_word' id='word_1_39' title='bbox 279 1119 389 1182; x_wconf 86' lang='lat' dir='ltr'><strong>septem</strong></span> <span class='ocrx_word' id='word_1_40' title='bbox 409 1114 587 1168; x_wconf 81' lang='lat' dir='ltr'>intercedere</span> <span class='ocrx_word' id='word_1_41' title='bbox 608 1114 804 1168; x_wconf 82' lang='lat' dir='ltr'>diversitatem</span> <span class='ocrx_word' id='word_1_42' title='bbox 826 1116 1021 1183; x_wconf 82' lang='lat' dir='ltr'>comprobent.</span> 
     </span>
    </p>
   </div>
   <div class='ocr_carea' id='block_1_5' title="bbox 277 1237 666 1307">
    <p class='ocr_par' dir='ltr' id='par_1_5' title="bbox 277 1237 666 1307">
     <span class='ocr_line' id='line_1_8' title="bbox 277 1237 666 1307; baseline 0.005 -17"><span class='ocrx_word' id='word_1_43' title='bbox 277 1237 342 1291; x_wconf 86' lang='lat' dir='ltr'>Jam</span> <span class='ocrx_word' id='word_1_44' title='bbox 363 1239 609 1307; x_wconf 82' lang='lat' dir='ltr'>transgrediamur</span> <span class='ocrx_word' id='word_1_45' title='bbox 629 1239 666 1292; x_wconf 87' lang='lat' dir='ltr'>ad</span> 
     </span>
    </p>
   </div>
   <div class='ocr_carea' id='block_1_6' title="bbox 440 1416 1102 1502">
    <p class='ocr_par' dir='ltr' id='par_1_6' title="bbox 440 1416 1102 1502">
     <span class='ocr_line' id='line_1_9' title="bbox 440 1416 1102 1502; baseline 0.003 -20"><span class='ocrx_word' id='word_1_46' title='bbox 440 1417 492 1482; x_wconf 92' lang='grc' dir='ltr'>ΙΙ.</span> <span class='ocrx_word' id='word_1_47' title='bbox 518 1416 781 1484; x_wconf 84' lang='lat' dir='ltr'>Sententiarum</span> <span class='ocrx_word' id='word_1_48' title='bbox 808 1421 1102 1502; x_wconf 83' lang='lat' dir='ltr'>corrrposltionem</span> 
     </span>
    </p>
   </div>
   <div class='ocr_carea' id='block_1_7' title="bbox 182 1611 432 1666">
    <p class='ocr_par' dir='ltr' id='par_1_7' title="bbox 182 1611 432 1666">
     <span class='ocr_line' id='line_1_10' title="bbox 182 1611 432 1666; baseline -0.008 0"><span class='ocrx_word' id='word_1_49' title='bbox 182 1611 432 1666; x_wconf 89' lang='lat' dir='ltr'>considerandam.</span> 
     </span>
    </p>
   </div>
   <div class='ocr_carea' id='block_1_8' title="bbox 178 1739 1372 2238">
    <p class='ocr_par' dir='ltr' id='par_1_8' title="bbox 178 1739 1372 2238">
     <span class='ocr_line' id='line_1_11' title="bbox 271 1739 1372 1808; baseline 0.003 -16"><span class='ocrx_word' id='word_1_50' title='bbox 271 1740 443 1794; x_wconf 87' lang='lat' dir='ltr'>Bensclcrus</span> <span class='ocrx_word' id='word_1_51' title='bbox 456 1740 564 1808; x_wconf 90' lang='lat' dir='ltr'>primns</span> <span class='ocrx_word' id='word_1_52' title='bbox 576 1739 673 1793; x_wconf 90' lang='lat' dir='ltr'>docuit</span> <span class='ocrx_word' id='word_1_53' title='bbox 684 1739 719 1793; x_wconf 88' lang='lat' dir='ltr'>ab</span> <span class='ocrx_word' id='word_1_54' title='bbox 732 1739 900 1807; x_wconf 87' lang='lat' dir='ltr'>orationum,</span> <span class='ocrx_word' id='word_1_55' title='bbox 915 1755 986 1808; x_wconf 90' lang='lat' dir='ltr'>quas</span> <span class='ocrx_word' id='word_1_56' title='bbox 999 1744 1163 1807; x_wconf 86' lang='lat' dir='ltr'>tractamus,</span> <span class='ocrx_word' id='word_1_57' title='bbox 1177 1740 1372 1808; x_wconf 78' lang='lat' dir='ltr'>scriptoribus</span> 
     </span>
     <span class='ocr_line' id='line_1_12' title="bbox 180 1845 1369 1916; baseline 0.002 -16"><span class='ocrx_word' id='word_1_58' title='bbox 180 1852 209 1900; x_wconf 86' lang='lat' dir='ltr'>et</span> <span class='ocrx_word' id='word_1_59' title='bbox 237 1863 342 1914; x_wconf 86' lang='lat' dir='ltr'>graves</span> <span class='ocrx_word' id='word_1_60' title='bbox 372 1852 401 1900; x_wconf 86' lang='lat' dir='ltr'>et</span> <span class='ocrx_word' id='word_1_61' title='bbox 430 1848 544 1901; x_wconf 87' lang='lat' dir='ltr'>crebras</span> <span class='ocrx_word' id='word_1_62' title='bbox 574 1847 685 1900; x_wconf 85' lang='lat' dir='ltr'>admitti</span> <span class='ocrx_word' id='word_1_63' title='bbox 712 1847 851 1899; x_wconf 85' lang='lat' dir='ltr'>rooallum</span> <span class='ocrx_word' id='word_1_64' title='bbox 873 1846 1109 1913; x_wconf 82' lang='lat' dir='ltr'>coneu1·si0nes.2)</span> <span class='ocrx_word' id='word_1_65' title='bbox 1156 1845 1281 1909; x_wconf 76' lang='lat' dir='ltr'>erarum</span> <span class='ocrx_word' id='word_1_66' title='bbox 1302 1865 1369 1916; x_wconf 85' lang='lat' dir='ltr'>por—</span> 
     </span>
     <span class='ocr_line' id='line_1_13' title="bbox 178 1952 1369 2022; baseline 0.003 -16"><span class='ocrx_word' id='word_1_67' title='bbox 178 1955 286 2008; x_wconf 85' lang='lat' dir='ltr'>multae</span> <span class='ocrx_word' id='word_1_68' title='bbox 306 1955 484 2022; x_wconf 84' lang='lat' dir='ltr'>apertissime</span> <span class='ocrx_word' id='word_1_69' title='bbox 505 1955 703 2008; x_wconf 86' lang='lat' dir='ltr'>demonstrant</span> <span class='ocrx_word' id='word_1_70' title='bbox 723 1959 854 2007; x_wconf 89' lang='lat' dir='ltr'>auctores</span> <span class='ocrx_word' id='word_1_71' title='bbox 874 1969 926 2006; x_wconf 85' lang='lat' dir='ltr'>nee</span> <span class='ocrx_word' id='word_1_72' title='bbox 942 1954 1128 2007; x_wconf 87' lang='lat' dir='ltr'>collocatione</span> <span class='ocrx_word' id='word_1_73' title='bbox 1142 1969 1195 2006; x_wconf 89' lang='lat' dir='ltr'>nec</span> <span class='ocrx_word' id='word_1_74' title='bbox 1211 1952 1369 2009; x_wconf 87' lang='lat' dir='ltr'>forrnarum·</span> 
     </span>
     <span class='ocr_line' id='line_1_14' title="bbox 180 2059 1371 2127; baseline 0 -14"><span class='ocrx_word' id='word_1_75' title='bbox 180 2062 323 2116; x_wconf 84' lang='lat' dir='ltr'>varietate</span> <span class='ocrx_word' id='word_1_76' title='bbox 353 2063 460 2116; x_wconf 86' lang='lat' dir='ltr'>evitare</span> <span class='ocrx_word' id='word_1_77' title='bbox 487 2063 631 2116; x_wconf 87' lang='lat' dir='ltr'>studuisse</span> <span class='ocrx_word' id='word_1_78' title='bbox 650 2061 766 2127; x_wconf 77' lang='lat' dir='ltr'>lriatum,</span> <span class='ocrx_word' id='word_1_79' title='bbox 795 2061 836 2113; x_wconf 86' lang='lat' dir='ltr'>ita</span> <span class='ocrx_word' id='word_1_80' title='bbox 857 2066 888 2114; x_wconf 91' lang='lat' dir='ltr'>ut</span> <span class='ocrx_word' id='word_1_81' title='bbox 908 2059 1025 2113; x_wconf 86' lang='lat' dir='ltr'>fortuite</span> <span class='ocrx_word' id='word_1_82' title='bbox 1046 2076 1203 2113; x_wconf 82' lang='lat' dir='ltr'>concursus</span> <span class='ocrx_word' id='word_1_83' title='bbox 1225 2061 1371 2114; x_wconf 81' lang='lat' dir='ltr'>vocalium</span> 
     </span>
     <span class='ocr_line' id='line_1_15' title="bbox 181 2168 1079 2238; baseline -0.003 -16"><span class='ocrx_word' id='word_1_84' title='bbox 181 2169 282 2222; x_wconf 86' lang='lat' dir='ltr'>deesse</span> <span class='ocrx_word' id='word_1_85' title='bbox 302 2169 330 2221; x_wconf 94' lang='lat' dir='ltr'>in</span> <span class='ocrx_word' id='word_1_86' title='bbox 351 2185 391 2226; x_wconf 85' lang='lat' dir='ltr'>or.</span> <span class='ocrx_word' id='word_1_87' title='bbox 411 2170 470 2223; x_wconf 86' lang='lat' dir='ltr'>LII.</span> <span class='ocrx_word' id='word_1_88' title='bbox 492 2169 606 2223; x_wconf 87' lang='lat' dir='ltr'>exordio</span> <span class='ocrx_word' id='word_1_89' title='bbox 629 2170 672 2238; x_wconf 66' lang='grc'>(86</span> <span class='ocrx_word' id='word_1_90' title='bbox 693 2172 777 2237; x_wconf 83' lang='grc'>1--2)</span> <span class='ocrx_word' id='word_1_91' title='bbox 798 2168 898 2235; x_wconf 86' lang='lat' dir='ltr'>negari</span> <span class='ocrx_word' id='word_1_92' title='bbox 919 2169 1079 2234; x_wconf 69' lang='lat' dir='ltr'>nequeatss)</span> 
     </span>
    </p>
   </div>
   <div class='ocr_carea' id='block_1_9' title="bbox 184 2293 1376 3114">
    <p class='ocr_par' dir='ltr' id='par_1_9' title="bbox 184 2293 1376 3114">
     <span class='ocr_line' id='line_1_16' title="bbox 275 2293 1369 2363; baseline -0.003 -16"><span class='ocrx_word' id='word_1_93' title='bbox 275 2293 340 2347; x_wconf 84' lang='lat' dir='ltr'>Alia</span> <span class='ocrx_word' id='word_1_94' title='bbox 364 2295 419 2355; x_wconf 77' lang='lat' dir='ltr'>lex,</span> <span class='ocrx_word' id='word_1_95' title='bbox 441 2311 475 2348; x_wconf 87' lang='lat' dir='ltr'>ex</span> <span class='ocrx_word' id='word_1_96' title='bbox 495 2311 551 2363; x_wconf 83' lang='lat' dir='ltr'>qrra</span> <span class='ocrx_word' id='word_1_97' title='bbox 571 2295 792 2350; x_wconf 79' lang='lat' dir='ltr'>Demosthenem</span> <span class='ocrx_word' id='word_1_98' title='bbox 813 2295 966 2361; x_wconf 86' lang='lat' dir='ltr'>diligenter</span> <span class='ocrx_word' id='word_1_99' title='bbox 987 2294 1106 2361; x_wconf 87' lang='lat' dir='ltr'>cavisse,</span> <span class='ocrx_word' id='word_1_100' title='bbox 1128 2309 1162 2346; x_wconf 93' lang='lat' dir='ltr'>ne</span> <span class='ocrx_word' id='word_1_101' title='bbox 1182 2294 1255 2361; x_wconf 78' lang='lat' dir='ltr'>plus,</span> <span class='ocrx_word' id='word_1_102' title='bbox 1278 2309 1369 2360; x_wconf 90' lang='lat' dir='ltr'>quam</span> 
     </span>
     <span class='ocr_line' id='line_1_17' title="bbox 185 2401 1374 2472; baseline 0.003 -20"><span class='ocrx_word' id='word_1_103' title='bbox 185 2401 259 2454; x_wconf 77' lang='lat' dir='ltr'>darae</span> <span class='ocrx_word' id='word_1_104' title='bbox 280 2402 381 2456; x_wconf 89' lang='lat' dir='ltr'>breves</span> <span class='ocrx_word' id='word_1_105' title='bbox 392 2402 532 2472; x_wconf 85' lang='lat' dir='ltr'>syllabae,</span> <span class='ocrx_word' id='word_1_106' title='bbox 553 2402 688 2471; x_wconf 81' lang='lat' dir='ltr'>deinceps</span> <span class='ocrx_word' id='word_1_107' title='bbox 699 2409 895 2469; x_wconf 76' lang='lat' dir='ltr'>sequerentur,</span> <span class='ocrx_word' id='word_1_108' title='bbox 910 2402 1038 2456; x_wconf 79' lang='lat' dir='ltr'>Blassius</span> <span class='ocrx_word' id='word_1_109' title='bbox 1053 2401 1187 2470; x_wconf 73' lang='lat' dir='ltr'>docuit4),</span> <span class='ocrx_word' id='word_1_110' title='bbox 1201 2401 1269 2454; x_wconf 92' lang='lat' dir='ltr'>nulli</span> <span class='ocrx_word' id='word_1_111' title='bbox 1284 2401 1374 2455; x_wconf 85' lang='lat' dir='ltr'>uobis</span> 
     </span>
     <span class='ocr_line' id='line_1_18' title="bbox 186 2507 1365 2580; baseline -0.001 -19"><span class='ocrx_word' id='word_1_112' title='bbox 186 2509 239 2561; x_wconf 87' lang='lat' dir='ltr'>erit</span> <span class='ocrx_word' id='word_1_113' title='bbox 259 2525 360 2580; x_wconf 78' lang='lat' dir='ltr'>curae3</span> <span class='ocrx_word' id='word_1_114' title='bbox 381 2511 444 2562; x_wconf 80' lang='lat' dir='ltr'>narn</span> <span class='ocrx_word' id='word_1_115' title='bbox 457 2510 610 2578; x_wconf 88' lang='lat' dir='ltr'>scriptores</span> <span class='ocrx_word' id='word_1_116' title='bbox 622 2527 683 2564; x_wconf 88' lang='lat' dir='ltr'>cam</span> <span class='ocrx_word' id='word_1_117' title='bbox 695 2526 811 2578; x_wconf 87' lang='lat' dir='ltr'>prorsus</span> <span class='ocrx_word' id='word_1_118' title='bbox 822 2511 1021 2576; x_wconf 81' lang='lat' dir='ltr'>neglexerunt.</span> <span class='ocrx_word' id='word_1_119' title='bbox 1060 2508 1137 2561; x_wconf 92' lang='lat' dir='ltr'>Idem</span> <span class='ocrx_word' id='word_1_120' title='bbox 1151 2507 1229 2560; x_wconf 87' lang='lat' dir='ltr'>eadit</span> <span class='ocrx_word' id='word_1_121' title='bbox 1239 2509 1267 2560; x_wconf 93' lang='lat' dir='ltr'>in</span> <span class='ocrx_word' id='word_1_122' title='bbox 1282 2524 1365 2560; x_wconf 90' lang='lat' dir='ltr'>usum</span> 
     </span>
     <span class='ocr_line' id='line_1_19' title="bbox 184 2615 1367 2685; baseline 0.001 -18"><span class='ocrx_word' id='word_1_123' title='bbox 184 2616 261 2669; x_wconf 92' lang='lat' dir='ltr'>illum</span> <span class='ocrx_word' id='word_1_124' title='bbox 285 2616 431 2670; x_wconf 87' lang='lat' dir='ltr'>clarissimi</span> <span class='ocrx_word' id='word_1_125' title='bbox 455 2618 584 2684; x_wconf 89' lang='lat' dir='ltr'>oratoris,</span> <span class='ocrx_word' id='word_1_126' title='bbox 607 2624 639 2670; x_wconf 91' lang='lat' dir='ltr'>ut</span> <span class='ocrx_word' id='word_1_127' title='bbox 655 2622 740 2685; x_wconf 89' lang='lat' dir='ltr'>„apta</span> <span class='ocrx_word' id='word_1_128' title='bbox 754 2623 782 2670; x_wconf 89' lang='lat' dir='ltr'>ct</span> <span class='ocrx_word' id='word_1_129' title='bbox 796 2617 877 2684; x_wconf 88' lang='lat' dir='ltr'>quasi</span> <span class='ocrx_word' id='word_1_130' title='bbox 891 2615 1014 2669; x_wconf 90' lang='lat' dir='ltr'>rotunda</span> <span class='ocrx_word' id='word_1_131' title='bbox 1024 2617 1176 2670; x_wconf 89' lang='lat' dir='ltr'>verborum</span> <span class='ocrx_word' id='word_1_132' title='bbox 1189 2615 1367 2669; x_wconf 89' lang='lat' dir='ltr'>constructio</span> 
     </span>
     <span class='ocr_line' id='line_1_20' title="bbox 185 2722 1373 2791; baseline 0.002 -18"><span class='ocrx_word' id='word_1_133' title='bbox 185 2723 365 2776; x_wconf 86' lang='lat' dir='ltr'>contineatur</span> <span class='ocrx_word' id='word_1_134' title='bbox 387 2724 578 2778; x_wconf 87' lang='lat' dir='ltr'>concinnitate</span> <span class='ocrx_word' id='word_1_135' title='bbox 596 2725 808 2778; x_wconf 83' lang='lat' dir='ltr'>merubrorum.“</span> <span class='ocrx_word' id='word_1_136' title='bbox 819 2727 841 2791; x_wconf 74' lang='grc'>5)</span> <span class='ocrx_word' id='word_1_137' title='bbox 887 2724 968 2776; x_wconf 80' lang='lat' dir='ltr'>Nulla</span> <span class='ocrx_word' id='word_1_138' title='bbox 983 2723 1056 2776; x_wconf 92' lang='lat' dir='ltr'>enim</span> <span class='ocrx_word' id='word_1_139' title='bbox 1071 2729 1131 2776; x_wconf 88' lang='lat' dir='ltr'>arte</span> <span class='ocrx_word' id='word_1_140' title='bbox 1146 2723 1173 2774; x_wconf 90' lang='lat' dir='ltr'>in</span> <span class='ocrx_word' id='word_1_141' title='bbox 1189 2722 1373 2776; x_wconf 88' lang='lat' dir='ltr'>erationibus.</span> 
     </span>
     <span class='ocr_line' id='line_1_21' title="bbox 185 2827 1371 2899; baseline 0.002 -19"><span class='ocrx_word' id='word_1_142' title='bbox 185 2829 290 2882; x_wconf 88' lang='lat' dir='ltr'>nostris</span> <span class='ocrx_word' id='word_1_143' title='bbox 311 2827 394 2883; x_wconf 90' lang='lat' dir='ltr'>fictae</span> <span class='ocrx_word' id='word_1_144' title='bbox 416 2837 482 2883; x_wconf 90' lang='lat' dir='ltr'>sunt</span> <span class='ocrx_word' id='word_1_145' title='bbox 501 2831 625 2899; x_wconf 89' lang='lat' dir='ltr'>periodi:</span> <span class='ocrx_word' id='word_1_146' title='bbox 645 2832 671 2884; x_wconf 91' lang='lat' dir='ltr'>in</span> <span class='ocrx_word' id='word_1_147' title='bbox 693 2832 869 2886; x_wconf 91' lang='lat' dir='ltr'>orationibus</span> <span class='ocrx_word' id='word_1_148' title='bbox 889 2832 1063 2889; x_wconf 78' lang='lat' dir='ltr'>XXXXVII.</span> <span class='ocrx_word' id='word_1_149' title='bbox 1083 2831 1245 2887; x_wconf 88' lang='lat' dir='ltr'>XXXXIX.</span> <span class='ocrx_word' id='word_1_150' title='bbox 1259 2830 1290 2882; x_wconf 90' lang='lat' dir='ltr'>L.</span> <span class='ocrx_word' id='word_1_151' title='bbox 1305 2831 1371 2888; x_wconf 75' lang='lat' dir='ltr'>LII.</span> 
     </span>
     <span class='ocr_line' id='line_1_22' title="bbox 185 2935 1366 3007; baseline 0 -19"><span class='ocrx_word' id='word_1_152' title='bbox 185 2935 260 2994; x_wconf 87' lang='lat' dir='ltr'>LIII.</span> <span class='ocrx_word' id='word_1_153' title='bbox 281 2937 354 2994; x_wconf 83' lang='lat' dir='ltr'>LIX.</span> <span class='ocrx_word' id='word_1_154' title='bbox 376 2938 541 3005; x_wconf 88' lang='lat' dir='ltr'>saepissime</span> <span class='ocrx_word' id='word_1_155' title='bbox 562 2943 606 2992; x_wconf 91' lang='lat' dir='ltr'>tot</span> <span class='ocrx_word' id='word_1_156' title='bbox 626 2944 654 2992; x_wconf 94' lang='lat' dir='ltr'>ct</span> <span class='ocrx_word' id='word_1_157' title='bbox 673 2938 824 3007; x_wconf 89' lang='lat' dir='ltr'>participia</span> <span class='ocrx_word' id='word_1_158' title='bbox 844 2944 873 2992; x_wconf 89' lang='lat' dir='ltr'>ct</span> <span class='ocrx_word' id='word_1_159' title='bbox 887 2939 1013 3006; x_wconf 87' lang='lat' dir='ltr'>genetivi</span> <span class='ocrx_word' id='word_1_160' title='bbox 1027 2937 1150 2991; x_wconf 86' lang='lat' dir='ltr'>absoluti</span> <span class='ocrx_word' id='word_1_161' title='bbox 1162 2943 1366 3004; x_wconf 88' lang='lat' dir='ltr'>congeruntur,</span> 
     </span>
     <span class='ocr_line' id='line_1_23' title="bbox 184 3023 1376 3114; baseline 0.001 -19"><span class='ocrx_word' id='word_1_162' title='bbox 184 3048 217 3096; x_wconf 90' lang='lat' dir='ltr'>ut</span> <span class='ocrx_word' id='word_1_163' title='bbox 236 3043 420 3111; x_wconf 83' lang='lat' dir='ltr'>longissimae</span> <span class='ocrx_word' id='word_1_164' title='bbox 441 3045 566 3098; x_wconf 87' lang='lat' dir='ltr'>eradant</span> <span class='ocrx_word' id='word_1_165' title='bbox 585 3045 728 3114; x_wconf 79' lang='lat' dir='ltr'>periodi.⁶)</span> <span class='ocrx_word' id='word_1_166' title='bbox 766 3045 936 3099; x_wconf 87' lang='lat' dir='ltr'>Adscribam</span> <span class='ocrx_word' id='word_1_167' title='bbox 955 3045 1033 3098; x_wconf 90' lang='lat' dir='ltr'>locos</span> <span class='ocrx_word' id='word_1_168' title='bbox 1047 3043 1113 3098; x_wconf 88' lang='lat' dir='ltr'>hes:</span> <span class='ocrx_word' id='word_1_169' title='bbox 1133 3043 1308 3100; x_wconf 81' lang='lat' dir='ltr'>XXXXVII.</span> <span class='ocrx_word' id='word_1_170' title='bbox 1322 3023 1376 3102; x_wconf 70' lang='lat'>512.</span> 
     </span>
    </p>
   </div>
   <div class='ocr_carea' id='block_1_10' title="bbox 182 3218 1371 4272">
    <p class='ocr_par' dir='ltr' id='par_1_10' title="bbox 276 3218 1333 3293">
     <span class='ocr_line' id='line_1_24' title="bbox 276 3218 1333 3293; baseline -0.003 -19"><span class='ocrx_word' id='word_1_171' title='bbox 276 3222 296 3288; x_wconf 86' lang='lat'>¹)</span> <span class='ocrx_word' id='word_1_172' title='bbox 317 3220 406 3276; x_wconf 87' lang='lat' dir='ltr'>llehd.</span> <span class='ocrx_word' id='word_1_173' title='bbox 428 3239 449 3278; x_wconf 87' lang='lat' dir='ltr'>s.</span> <span class='ocrx_word' id='word_1_174' title='bbox 470 3239 496 3279; x_wconf 87' lang='lat' dir='ltr'>v.</span> <span class='ocrx_word' id='word_1_175' title='bbox 519 3218 683 3293; x_wconf 59' lang='lat' dir='ltr'>llapr&#39;pmms,</span> <span class='ocrx_word' id='word_1_176' title='bbox 704 3221 885 3276; x_wconf 71' lang='lat' dir='ltr'>Selruebsch.</span> <span class='ocrx_word' id='word_1_177' title='bbox 906 3223 924 3280; x_wconf 84' lang='lat' dir='ltr'>I.</span> <span class='ocrx_word' id='word_1_178' title='bbox 945 3221 961 3279; x_wconf 93' lang='lat' dir='ltr'>l.</span> <span class='ocrx_word' id='word_1_179' title='bbox 981 3239 1010 3289; x_wconf 92' lang='lat' dir='ltr'>p.</span> <span class='ocrx_word' id='word_1_180' title='bbox 1032 3225 1075 3287; x_wconf 85' lang='grc'>63,</span> <span class='ocrx_word' id='word_1_181' title='bbox 1100 3220 1221 3274; x_wconf 87' lang='lat' dir='ltr'>Windel.</span> <span class='ocrx_word' id='word_1_182' title='bbox 1242 3237 1269 3288; x_wconf 86' lang='lat' dir='ltr'>p.</span> <span class='ocrx_word' id='word_1_183' title='bbox 1291 3223 1333 3278; x_wconf 87' lang='grc'>16,</span> 
     </span>
    </p>

    <p class='ocr_par' dir='ltr' id='par_1_11' title="bbox 274 3310 1305 3380">
     <span class='ocr_line' id='line_1_25' title="bbox 274 3310 1305 3380; baseline 0.006 -18"><span class='ocrx_word' id='word_1_184' title='bbox 274 3312 297 3374; x_wconf 75' lang='lat'>2)</span> <span class='ocrx_word' id='word_1_185' title='bbox 318 3312 349 3363; x_wconf 93' lang='lat' dir='ltr'>In</span> <span class='ocrx_word' id='word_1_186' title='bbox 370 3311 441 3365; x_wconf 88' lang='lat' dir='ltr'>libro</span> <span class='ocrx_word' id='word_1_187' title='bbox 462 3311 497 3364; x_wconf 90' lang='lat' dir='ltr'>de</span> <span class='ocrx_word' id='word_1_188' title='bbox 517 3311 605 3374; x_wconf 70' lang='lat' dir='ltr'>hiatu,</span> <span class='ocrx_word' id='word_1_189' title='bbox 625 3313 755 3378; x_wconf 79' lang='lat' dir='ltr'>Friberg.</span> <span class='ocrx_word' id='word_1_190' title='bbox 775 3314 853 3380; x_wconf 91' lang='grc'>1841,</span> <span class='ocrx_word' id='word_1_191' title='bbox 873 3327 962 3379; x_wconf 86' lang='lat' dir='ltr'>pagg.</span> <span class='ocrx_word' id='word_1_192' title='bbox 984 3311 1133 3376; x_wconf 85' lang='grc'>187-138,</span> <span class='ocrx_word' id='word_1_193' title='bbox 1156 3310 1305 3368; x_wconf 76' lang='lat' dir='ltr'>rto-147.</span> 
     </span>
    </p>

    <p class='ocr_par' dir='ltr' id='par_1_12' title="bbox 274 3398 787 3468">
     <span class='ocr_line' id='line_1_26' title="bbox 274 3398 787 3468; baseline -0.004 -15"><span class='ocrx_word' id='word_1_194' title='bbox 274 3401 297 3467; x_wconf 81' lang='lat'>⁸)</span> <span class='ocrx_word' id='word_1_195' title='bbox 318 3398 360 3458; x_wconf 75' lang='lat' dir='ltr'>ef.</span> <span class='ocrx_word' id='word_1_196' title='bbox 380 3400 472 3458; x_wconf 82' lang='lat' dir='ltr'>Blass.</span> <span class='ocrx_word' id='word_1_197' title='bbox 492 3402 499 3453; x_wconf 98' lang='lat' dir='ltr'>l</span> <span class='ocrx_word' id='word_1_198' title='bbox 529 3401 544 3453; x_wconf 94' lang='lat' dir='ltr'>l.</span> <span class='ocrx_word' id='word_1_199' title='bbox 565 3418 592 3468; x_wconf 83' lang='lat' dir='ltr'>p.</span> <span class='ocrx_word' id='word_1_200' title='bbox 612 3404 665 3460; x_wconf 81' lang='lat'>459</span> <span class='ocrx_word' id='word_1_201' title='bbox 685 3407 742 3458; x_wconf 82' lang='lat' dir='ltr'>not,</span> <span class='ocrx_word' id='word_1_202' title='bbox 762 3404 787 3458; x_wconf 83' lang='lat'>3,</span> 
     </span>
    </p>

    <p class='ocr_par' dir='ltr' id='par_1_13' title="bbox 182 3488 1371 4004">
     <span class='ocr_line' id='line_1_27' title="bbox 274 3488 1368 3557; baseline 0.005 -15"><span class='ocrx_word' id='word_1_203' title='bbox 274 3490 297 3557; x_wconf 81' lang='lat'>4)</span> <span class='ocrx_word' id='word_1_204' title='bbox 318 3488 361 3546; x_wconf 82' lang='lat' dir='ltr'>Cf,</span> <span class='ocrx_word' id='word_1_205' title='bbox 381 3489 426 3546; x_wconf 88' lang='lat' dir='ltr'>Fr.</span> <span class='ocrx_word' id='word_1_206' title='bbox 447 3489 537 3547; x_wconf 89' lang='lat' dir='ltr'>Blass.</span> <span class='ocrx_word' id='word_1_207' title='bbox 558 3489 584 3548; x_wconf 94' lang='lat' dir='ltr'>d.</span> <span class='ocrx_word' id='word_1_208' title='bbox 604 3490 674 3544; x_wconf 91' lang='lat' dir='ltr'>lleb.</span> <span class='ocrx_word' id='word_1_209' title='bbox 690 3490 717 3548; x_wconf 87' lang='lat' dir='ltr'>d.</span> <span class='ocrx_word' id='word_1_210' title='bbox 733 3489 863 3543; x_wconf 75' lang='lat' dir='ltr'>llclrtlreit</span> <span class='ocrx_word' id='word_1_211' title='bbox 877 3489 927 3542; x_wconf 89' lang='lat' dir='ltr'>der</span> <span class='ocrx_word' id='word_1_212' title='bbox 942 3490 1022 3546; x_wconf 86' lang='lat' dir='ltr'>Deru.</span> <span class='ocrx_word' id='word_1_213' title='bbox 1036 3488 1140 3556; x_wconf 77' lang='lat' dir='ltr'>Buefe,</span> <span class='ocrx_word' id='word_1_214' title='bbox 1154 3489 1264 3556; x_wconf 76' lang='lat' dir='ltr'>Regini.</span> <span class='ocrx_word' id='word_1_215' title='bbox 1285 3491 1368 3556; x_wconf 77' lang='grc'>1875,</span> 
     </span>
     <span class='ocr_line' id='line_1_28' title="bbox 182 3577 1361 3647; baseline 0 -17"><span class='ocrx_word' id='word_1_216' title='bbox 182 3578 199 3634; x_wconf 92' lang='lat' dir='ltr'>l.</span> <span class='ocrx_word' id='word_1_217' title='bbox 219 3578 236 3634; x_wconf 92' lang='lat' dir='ltr'>l.</span> <span class='ocrx_word' id='word_1_218' title='bbox 256 3577 292 3631; x_wconf 88' lang='lat' dir='ltr'>de</span> <span class='ocrx_word' id='word_1_219' title='bbox 311 3577 372 3632; x_wconf 82' lang='lat' dir='ltr'>Att.</span> <span class='ocrx_word' id='word_1_220' title='bbox 394 3579 467 3645; x_wconf 85' lang='lat' dir='ltr'>eleq.</span> <span class='ocrx_word' id='word_1_221' title='bbox 487 3579 537 3645; x_wconf 85' lang='grc' dir='ltr'>ΙΙΙ,</span> <span class='ocrx_word' id='word_1_222' title='bbox 558 3581 581 3644; x_wconf 92' lang='grc'>1,</span> <span class='ocrx_word' id='word_1_223' title='bbox 620 3596 710 3647; x_wconf 84' lang='lat' dir='ltr'>pagg,</span> <span class='ocrx_word' id='word_1_224' title='bbox 730 3583 766 3637; x_wconf 83' lang='grc'>99</span> <span class='ocrx_word' id='word_1_225' title='bbox 784 3595 895 3646; x_wconf 73' lang='lat' dir='ltr'>praru,</span> <span class='ocrx_word' id='word_1_226' title='bbox 932 3584 1081 3636; x_wconf 89' lang='lat' dir='ltr'>comment.</span> <span class='ocrx_word' id='word_1_227' title='bbox 1101 3579 1129 3630; x_wconf 94' lang='lat' dir='ltr'>in</span> <span class='ocrx_word' id='word_1_228' title='bbox 1151 3577 1361 3646; x_wconf 89' lang='lat' dir='ltr'>Verhandlung</span> 
     </span>
     <span class='ocr_line' id='line_1_29' title="bbox 185 3667 1371 3738; baseline 0.002 -19"><span class='ocrx_word' id='word_1_229' title='bbox 185 3667 236 3720; x_wconf 90' lang='lat' dir='ltr'>der</span> <span class='ocrx_word' id='word_1_230' title='bbox 255 3669 298 3724; x_wconf 84' lang='lat'>34.</span> <span class='ocrx_word' id='word_1_231' title='bbox 312 3667 533 3736; x_wconf 86' lang='lat' dir='ltr'>Versammlung</span> <span class='ocrx_word' id='word_1_232' title='bbox 553 3668 706 3722; x_wconf 86' lang='lat' dir='ltr'>deutscher</span> <span class='ocrx_word' id='word_1_233' title='bbox 725 3668 891 3736; x_wconf 84' lang='lat' dir='ltr'>Plrilologen</span> <span class='ocrx_word' id='word_1_234' title='bbox 912 3668 971 3721; x_wconf 91' lang='lat' dir='ltr'>und</span> <span class='ocrx_word' id='word_1_235' title='bbox 991 3667 1212 3722; x_wconf 81' lang='lat' dir='ltr'>Schuluraenncr</span> <span class='ocrx_word' id='word_1_236' title='bbox 1232 3668 1258 3720; x_wconf 96' lang='lat' dir='ltr'>in</span> <span class='ocrx_word' id='word_1_237' title='bbox 1274 3668 1371 3738; x_wconf 76' lang='lat' dir='ltr'>&#39;l&#39;rier,¹</span> 
     </span>
     <span class='ocr_line' id='line_1_30' title="bbox 185 3755 1366 3827; baseline -0.001 -15"><span class='ocrx_word' id='word_1_238' title='bbox 185 3758 261 3814; x_wconf 82' lang='grc'>1879,</span> <span class='ocrx_word' id='word_1_239' title='bbox 292 3756 398 3822; x_wconf 82' lang='lat' dir='ltr'>(Ueber</span> <span class='ocrx_word' id='word_1_240' title='bbox 419 3755 474 3810; x_wconf 88' lang='lat' dir='ltr'>den</span> <span class='ocrx_word' id='word_1_241' title='bbox 494 3756 654 3826; x_wconf 78' lang='lat' dir='ltr'>Rhytlrmus</span> <span class='ocrx_word' id='word_1_242' title='bbox 674 3757 720 3811; x_wconf 77' lang='lat' dir='ltr'>lrei</span> <span class='ocrx_word' id='word_1_243' title='bbox 740 3757 918 3823; x_wconf 77' lang='lat' dir='ltr'>Prosailreru,</span> <span class='ocrx_word' id='word_1_244' title='bbox 944 3757 1049 3814; x_wconf 89' lang='lat' dir='ltr'>iusbes.</span> <span class='ocrx_word' id='word_1_245' title='bbox 1070 3758 1115 3811; x_wconf 86' lang='lat' dir='ltr'>bei</span> <span class='ocrx_word' id='word_1_246' title='bbox 1135 3757 1366 3827; x_wconf 79' lang='lat' dir='ltr'>Demosthenes),</span> 
     </span>
     <span class='ocr_line' id='line_1_31' title="bbox 184 3845 1371 3916; baseline 0.003 -20"><span class='ocrx_word' id='word_1_247' title='bbox 184 3845 289 3902; x_wconf 83' lang='lat' dir='ltr'>Hoeclr.</span> <span class='ocrx_word' id='word_1_248' title='bbox 305 3845 321 3902; x_wconf 86' lang='lat' dir='ltr'>l.</span> <span class='ocrx_word' id='word_1_249' title='bbox 335 3845 352 3897; x_wconf 95' lang='lat' dir='ltr'>l.</span> <span class='ocrx_word' id='word_1_250' title='bbox 367 3862 457 3914; x_wconf 83' lang='lat' dir='ltr'>pagg.</span> <span class='ocrx_word' id='word_1_251' title='bbox 478 3849 511 3903; x_wconf 86' lang='lat'>15</span> <span class='ocrx_word' id='word_1_252' title='bbox 531 3863 640 3914; x_wconf 64' lang='lat' dir='ltr'>proxx„</span> <span class='ocrx_word' id='word_1_253' title='bbox 661 3847 695 3904; x_wconf 90' lang='grc' dir='ltr'>Μ.</span> <span class='ocrx_word' id='word_1_254' title='bbox 715 3846 899 3900; x_wconf 87' lang='lat' dir='ltr'>Bodendorlii</span> <span class='ocrx_word' id='word_1_255' title='bbox 920 3852 1068 3905; x_wconf 85' lang='lat' dir='ltr'>comment.</span> <span class='ocrx_word' id='word_1_256' title='bbox 1097 3847 1158 3900; x_wconf 90' lang='lat' dir='ltr'>Das</span> <span class='ocrx_word' id='word_1_257' title='bbox 1171 3845 1371 3916; x_wconf 83' lang='lat' dir='ltr'>rlrytlrmisclrc·</span> 
     </span>
     <span class='ocr_line' id='line_1_32' title="bbox 184 3934 1011 4004; baseline 0 -15"><span class='ocrx_word' id='word_1_258' title='bbox 184 3937 290 3989; x_wconf 79' lang='lat' dir='ltr'>llesetn</span> <span class='ocrx_word' id='word_1_259' title='bbox 317 3934 368 3988; x_wconf 87' lang='lat' dir='ltr'>des</span> <span class='ocrx_word' id='word_1_260' title='bbox 387 3935 596 3989; x_wconf 88' lang='lat' dir='ltr'>Demosthenes</span> <span class='ocrx_word' id='word_1_261' title='bbox 616 3937 727 4003; x_wconf 85' lang='lat' dir='ltr'>(Progr.</span> <span class='ocrx_word' id='word_1_262' title='bbox 747 3936 855 4004; x_wconf 87' lang='lat' dir='ltr'>Regim.</span> <span class='ocrx_word' id='word_1_263' title='bbox 877 3953 901 3993; x_wconf 85' lang='lat' dir='ltr'>a.</span> <span class='ocrx_word' id='word_1_264' title='bbox 923 3937 1011 4002; x_wconf 82' lang='grc'>1880).</span> 
     </span>
    </p>

    <p class='ocr_par' dir='ltr' id='par_1_14' title="bbox 274 4021 1192 4093">
     <span class='ocr_line' id='line_1_33' title="bbox 274 4021 1192 4093; baseline 0.007 -17"><span class='ocrx_word' id='word_1_265' title='bbox 274 4024 296 4088; x_wconf 69' lang='grc' dir='ltr'>ὅ)</span> <span class='ocrx_word' id='word_1_266' title='bbox 317 4022 359 4082; x_wconf 83' lang='lat' dir='ltr'>Cf.</span> <span class='ocrx_word' id='word_1_267' title='bbox 379 4021 500 4077; x_wconf 85' lang='lat' dir='ltr'>Schulzii</span> <span class='ocrx_word' id='word_1_268' title='bbox 521 4024 548 4082; x_wconf 85' lang='lat' dir='ltr'>d,</span> <span class='ocrx_word' id='word_1_269' title='bbox 568 4024 585 4077; x_wconf 94' lang='lat' dir='ltr'>l.</span> <span class='ocrx_word' id='word_1_270' title='bbox 605 4041 633 4092; x_wconf 92' lang='lat' dir='ltr'>p.</span> <span class='ocrx_word' id='word_1_271' title='bbox 653 4027 695 4092; x_wconf 90' lang='grc'>78,</span> <span class='ocrx_word' id='word_1_272' title='bbox 715 4025 817 4079; x_wconf 89' lang='lat' dir='ltr'>Blassii</span> <span class='ocrx_word' id='word_1_273' title='bbox 837 4026 853 4078; x_wconf 93' lang='grc' dir='ltr'>Ι.</span> <span class='ocrx_word' id='word_1_274' title='bbox 873 4025 890 4083; x_wconf 93' lang='lat' dir='ltr'>l.</span> <span class='ocrx_word' id='word_1_275' title='bbox 909 4042 998 4093; x_wconf 86' lang='lat' dir='ltr'>pagg.</span> <span class='ocrx_word' id='word_1_276' title='bbox 1021 4026 1072 4083; x_wconf 81' lang='lat'>105</span> <span class='ocrx_word' id='word_1_277' title='bbox 1090 4041 1192 4092; x_wconf 81' lang='lat' dir='ltr'>prorx.</span> 
     </span>
    </p>

    <p class='ocr_par' dir='ltr' id='par_1_15' title="bbox 182 4111 1367 4272">
     <span class='ocr_line' id='line_1_34' title="bbox 273 4111 1367 4182; baseline 0.002 -18"><span class='ocrx_word' id='word_1_278' title='bbox 273 4112 297 4180; x_wconf 76' lang='lat'>⁶)</span> <span class='ocrx_word' id='word_1_279' title='bbox 317 4112 351 4170; x_wconf 90' lang='lat' dir='ltr'>V.</span> <span class='ocrx_word' id='word_1_280' title='bbox 372 4111 407 4169; x_wconf 79' lang='lat' dir='ltr'>A.</span> <span class='ocrx_word' id='word_1_281' title='bbox 427 4111 573 4171; x_wconf 89' lang='lat' dir='ltr'>Schaefer.</span> <span class='ocrx_word' id='word_1_282' title='bbox 592 4114 610 4172; x_wconf 85' lang='lat' dir='ltr'>l,</span> <span class='ocrx_word' id='word_1_283' title='bbox 630 4114 647 4174; x_wconf 81' lang='lat' dir='ltr'>I,</span> <span class='ocrx_word' id='word_1_284' title='bbox 666 4131 755 4182; x_wconf 84' lang='lat' dir='ltr'>pagg.</span> <span class='ocrx_word' id='word_1_285' title='bbox 777 4117 829 4174; x_wconf 82' lang='lat'>189</span> <span class='ocrx_word' id='word_1_286' title='bbox 847 4131 958 4182; x_wconf 69' lang='lat' dir='ltr'>proxx„</span> <span class='ocrx_word' id='word_1_287' title='bbox 983 4115 1077 4171; x_wconf 84' lang='lat' dir='ltr'>Lortz.</span> <span class='ocrx_word' id='word_1_288' title='bbox 1097 4113 1114 4171; x_wconf 88' lang='lat' dir='ltr'>l.</span> <span class='ocrx_word' id='word_1_289' title='bbox 1134 4113 1151 4172; x_wconf 86' lang='grc' dir='ltr'>Ι.</span> <span class='ocrx_word' id='word_1_290' title='bbox 1172 4130 1199 4181; x_wconf 88' lang='lat' dir='ltr'>p,</span> <span class='ocrx_word' id='word_1_291' title='bbox 1224 4115 1267 4180; x_wconf 88' lang='grc'>36,</span> <span class='ocrx_word' id='word_1_292' title='bbox 1288 4113 1367 4180; x_wconf 79' lang='lat' dir='ltr'>Sigg</span> 
     </span>
     <span class='ocr_line' id='line_1_35' title="bbox 182 4201 1065 4272; baseline 0.008 -19"><span class='ocrx_word' id='word_1_293' title='bbox 182 4201 200 4254; x_wconf 88' lang='grc' dir='ltr'>Ι.</span> <span class='ocrx_word' id='word_1_294' title='bbox 220 4201 237 4258; x_wconf 92' lang='grc' dir='ltr'>Ι.</span> <span class='ocrx_word' id='word_1_295' title='bbox 256 4218 284 4268; x_wconf 90' lang='lat' dir='ltr'>p.</span> <span class='ocrx_word' id='word_1_296' title='bbox 304 4204 366 4270; x_wconf 79' lang='lat'>428,</span> <span class='ocrx_word' id='word_1_297' title='bbox 387 4201 478 4262; x_wconf 81' lang='lat' dir='ltr'>Blass.</span> <span class='ocrx_word' id='word_1_298' title='bbox 499 4205 516 4262; x_wconf 83' lang='lat' dir='ltr'>l.</span> <span class='ocrx_word' id='word_1_299' title='bbox 536 4204 552 4260; x_wconf 94' lang='lat' dir='ltr'>l.</span> <span class='ocrx_word' id='word_1_300' title='bbox 574 4219 663 4272; x_wconf 87' lang='lat' dir='ltr'>pagg.</span> <span class='ocrx_word' id='word_1_301' title='bbox 682 4207 744 4271; x_wconf 83' lang='lat'>459,</span> <span class='ocrx_word' id='word_1_302' title='bbox 763 4207 823 4272; x_wconf 85' lang='grc'>468,</span> <span class='ocrx_word' id='word_1_303' title='bbox 844 4205 905 4270; x_wconf 87' lang='grc'>467,</span> <span class='ocrx_word' id='word_1_304' title='bbox 924 4207 985 4268; x_wconf 90' lang='grc'>471,</span> <span class='ocrx_word' id='word_1_305' title='bbox 1004 4205 1065 4260; x_wconf 84' lang='grc'>496.</span> 
     </span>
    </p>
   </div>
   <div class='ocr_carea' id='block_1_11' title="bbox 0 0 1498 4820">
    <p class='ocr_par' dir='ltr' id='par_1_16' title="bbox 0 0 1498 4820">
     <span class='ocr_line' id='line_1_36' title="bbox 0 0 1498 4820; baseline 0 0"><span class='ocrx_word' id='word_1_306' title='bbox 0 0 1498 4820; x_wconf 95' lang='lat' dir='ltr'> </span> 
     </span>
    </p>
   </div>
  </div>
 </body>
</html>
