2998 4826
708 197 746 256 15

144 381 376 445 inveniebantur
390 382 423 460 1).
446 381 561 442 Eadem
582 381 693 461 pietate
715 388 839 461 egerrmt
859 379 973 459 reliqui.
1007 379 1039 440 Is
1061 379 1139 439 enim
1162 387 1207 440 est
1227 379 1304 442 fruc·

144 495 196 546 tus
225 486 330 546 aDeo
356 485 391 545 O.
414 484 456 546 M.
482 483 554 546 viris
585 492 615 544 et
646 483 794 562 probitate
816 491 846 543 et
872 481 1020 542 industria
1044 489 1075 541 et
1104 481 1215 561 ingenii
1242 482 1305 544 acie

146 587 272 667 egregiis
305 607 358 667 pro
384 594 429 647 tot
455 585 610 646 laboribus
636 594 782 664 tantaque
807 585 888 646 vitae
915 584 1036 645 tristitia
1067 604 1234 659 concessus,
1270 595 1305 648 ut

147 711 240 770 genus
262 691 426 750 humanum
449 688 556 761 omnia,
580 707 656 766 quae
679 687 717 748 ab
740 686 781 748 eis
801 686 935 766 profecta
956 694 1033 759 sunt,
1056 707 1174 750 servare
1195 689 1304 770 cupiat

146 794 254 872 Itaque
275 791 388 853 codices
412 811 526 864 omnes,
555 797 701 870 quotquot
722 810 759 850 ex
781 790 912 851 oratione
933 788 1143 868 Ctesiphontea
1164 791 1307 854 describe·

144 894 269 969 bantur,
302 894 440 973 deinceps
463 892 501 952 ab
524 892 618 972 ipsius
639 892 848 954 Demosthenis
875 899 973 953 aetate
1002 892 1102 953 omnia
1123 893 1215 954 verba
1240 915 1307 956 oon·

145 997 290 1072 tinebant,
313 1017 390 1076 quae
410 994 462 1055 ille
485 995 588 1055 autin
613 1003 754 1056 contextu
775 995 838 1056 eius
861 994 1000 1055 orationis
1022 994 1179 1075 scripserat
1201 997 1307 1058 autad

146 1108 319 1162 contextum
341 1098 504 1158 addiderat.
533 1135 572 1142 —
601 1097 660 1159 Sed
688 1107 756 1159 utra
781 1097 878 1158 forma
905 1097 1035 1157 eiusdem
1064 1099 1227 1160 sententiae
1248 1100 1308 1161 De-

146 1203 329 1264 mosthenem
351 1201 383 1261 in
404 1201 470 1281 ipso
492 1199 599 1260 iudicio
621 1220 708 1260 usum
730 1221 793 1261 esse
813 1199 1007 1279 putabimus?
1028 1235 1070 1243 —
1091 1200 1239 1280 Equidem
1254 1223 1307 1282 pu·

147 1306 275 1367 taverim
294 1324 383 1363 usum
405 1323 472 1364 eum
494 1323 556 1363 esse
580 1309 595 1377 ἕ
613 1306 639 1377 1,
661 1303 850 1378 removisse§
867 1306 893 1363 8.
936 1301 1059 1377 Causae,
1082 1303 1161 1365 unde
1181 1303 1213 1364 id
1234 1304 1307 1365 mihi

148 1408 253 1469 videor
272 1405 407 1485 colligere
428 1426 525 1485 posse,
549 1405 611 1466 ‘hae
633 1413 710 1466 sunt
755 1411 770 1480 ξ
795 1408 814 1466 8
833 1413 933 1485 potest
959 1405 1000 1467 sio
1022 1427 1060 1466 ex
1081 1415 1223 1468 contextu
1244 1429 1308 1470 ver-

150 1508 256 1569 borum
278 1507 349 1581 tolli,
371 1516 405 1568 ut
426 1516 507 1569 totus
528 1528 623 1568 nexus
645 1507 857 1568 sententiarum
879 1529 938 1569 non
959 1517 1092 1570 mutetur
1112 1530 1208 1590 neque
1223 1511 1308 1591 quid-

150 1631 240 1690 quam
269 1610 450 1672 intercidisse
477 1610 621 1672 videatur.
672 1609 732 1671 Sed
759 1629 811 1671 eae
838 1630 938 1689 preces
972 1612 1010 1672 ad
1041 1611 1110 1673 deos
1140 1634 1306 1690 conversae,

149 1734 226 1793 quae
247 1713 350 1773 insunt
370 1713 401 1772 in
424 1720 440 1788 §
465 1717 491 1787 1,
519 1735 579 1774 non
601 1720 726 1793 possunt
746 1712 790 1773 ita
811 1712 913 1774 divelli
936 1734 954 1774 a
976 1714 1074 1774 verbis
1095 1716 1245 1795 proximis,
1273 1726 1308 1778 ιιι

147 1815 223 1876 nihil
244 1815 382 1878 videatur
409 1816 517 1877 deesse.
567 1816 673 1895 Neque
702 1815 781 1876 enim
809 1823 870 1876 stat
898 1816 1056 1891 sententia,
1089 1817 1114 1877 si
1142 1818 1217 1881 velis
1246 1818 1307 1880 tale

147 1919 264 1979 initium
292 1939 368 1979 esse:
404 1923 419 1994 ἕ
445 1921 460 1978 1
491 1912 552 2002 Μὴ
574 1913 631 1980 τὸν
656 1912 819 1981 ἀντίδικον
844 1911 1025 1998 σύμβουλον
1051 1911 1261 2005 ποιήσασθαι
1283 1943 1307 1984 e.

147 2043 174 2100 q.
198 2043 233 2096 s,
262 2041 358 2100 neque
379 2020 405 2080 si
433 2020 495 2081 tale
522 2020 641 2081 initium
668 2029 866 2101 proponatur:
900 2027 916 2096 ἓ
940 2024 958 2081 2
983 2018 1086 2083 Τοῦτο
1107 2012 1138 2084 d'
1163 2017 1250 2086 ἐστὶν
1271 2015 1308 2087 οὗ

145 2114 244 2205 μόνον
263 2144 287 2184 e.
309 2144 336 2202 q.
358 2143 380 2184 s.
423 2123 532 2203 Itaque
562 2123 739 2204 intelligitur
770 2123 915 2185 artissime
942 2123 1130 2184 coniunctam
1151 2145 1215 2186 esse
1248 2133 1263 2201 ξ
1289 2130 1305 2188 1

145 2248 213 2288 cum
236 2233 251 2302 ξ
275 2230 302 2288 2.
345 2226 433 2304 Ergo,
456 2224 482 2285 si
503 2245 660 2304 possumus
690 2226 891 2288 demonstrare
918 2233 933 2301 ἓ
957 2231 975 2287 2
998 2227 1029 2287 in
1050 2227 1159 2288 iudicio
1181 2248 1243 2289 esse
1264 2249 1307 2289 re·

149 2328 282 2401 citatam,
325 2327 369 2402 fit,
412 2336 447 2388 ut
477 2334 492 2403 ἓ
518 2331 533 2388 1
570 2327 659 2388 simul
692 2349 760 2388 eum
792 2335 807 2404 ἓ
836 2331 854 2390 2
887 2329 1012 2390 recitata
1045 2329 1084 2390 sit
1121 2330 1153 2389 in
1189 2330 1306 2393 iudicio

148 2429 288 2491 Fortasse
310 2439 407 2491 autem
429 2429 543 2510 aliquid
565 2430 662 2492 afferri
683 2440 788 2510 potest,
815 2452 874 2511 quo
896 2431 1034 2494 videatur
1054 2431 1213 2495 verisimile
1243 2453 1306 2494 esse

149 2538 164 2608 ξ
189 2535 208 2592 2
236 2532 268 2591 in
296 2531 404 2592 iudicio
432 2532 670 2594 aDemosthene
699 2533 811 2594 dictam
843 2554 915 2595 esse.
969 2534 1049 2594 Nam
1079 2535 1111 2595 in
1144 2542 1159 2611 ξ
1183 2539 1201 2596 2
1232 2536 1307 2616 petit

145 2635 362 2696 Demosthenes
390 2634 428 2696 ab
459 2635 620 2709 iudicibus,
657 2644 692 2696 ut
723 2657 754 2697 se
784 2657 837 2696 suo
869 2635 962 2715 ipsius
994 2635 1096 2698 ordine
1127 2637 1306 2700 defensionis

145 2739 190 2797 uti
222 2738 330 2798 sinant.
392 2738 454 2814 Qui
485 2759 555 2801 vero
592 2738 639 2813 fit,
681 2747 716 2799 ut
755 2738 786 2798 id
823 2746 918 2817 petat,
968 2737 1047 2817 quod
1084 2759 1137 2819 per
1176 2760 1207 2801 se
1243 2749 1306 2803 tam

145 2839 256 2902 iustum
278 2849 335 2914 est,
367 2849 459 2902 utne
489 2841 552 2901 ullo
581 2840 700 2920 quidem
727 2839 818 2902 verbo
846 2842 952 2919 egeat?
999 2841 1081 2901 Nam
1111 2841 1230 2904 videtur
1255 2843 1306 2904 ho-

145 2943 233 3003 minis
254 2964 318 3004 esse
339 2943 536 3018 iniustissimi,
558 2964 618 3004 non
639 2941 758 3016 iudicis,
779 2943 947 3023 praecipere
968 2965 1030 3018 reo,
1059 2964 1118 3024 quo
1139 2944 1241 3006 ordine
1262 2967 1305 3021 ea,

146 3066 223 3125 qnae
244 3045 291 3106 sui
313 3045 491 3108 defendendi
512 3065 605 3107 causa
625 3045 759 3106 dicturus
781 3053 838 3120 est,
865 3046 973 3108 debeat
994 3046 1162 3129 proferreil.
1206 3049 1307 3110 Causa

145 3149 264 3228 petendi
286 3149 405 3211 videtur
425 3170 461 3210 ea
482 3149 586 3223 fuisse,
619 3148 699 3228 quod
719 3147 896 3223 Aeschines,
926 3149 952 3210 si
973 3150 1036 3210 eius
1063 3150 1187 3211 orationi
1217 3151 1305 3211 fidem

146 3251 304 3326 habemus,
331 3251 363 3312 in
383 3251 493 3312 iudicio
514 3258 696 3330 processerat
716 3270 750 3311 eo
772 3250 928 3325 audaciae,
959 3260 994 3312 ut
1022 3252 1164 3332 diceretl)
1199 3253 1305 3314 debere

148 3353 255 3416 iudices
277 3354 404 3415 eundem
426 3354 559 3415 ordinem
586 3352 764 3415 defensionis
786 3373 805 3413 a
826 3353 1026 3416 Demosthene
1053 3353 1216 3434 postulare,
1246 3377 1305 3435 quo

150 3454 211 3534 ipse
231 3457 393 3518 Aeschines
415 3457 447 3517 in
476 3457 663 3518 accusatione
693 3477 764 3518 usus
792 3459 910 3539 esset4).
961 3457 1041 3536 Ergo
1068 3457 1111 3532 id,
1145 3458 1225 3537 quod
1246 3459 1305 3520 De·

219 3645 241 3715 l)
259 3647 352 3700 Simile
371 3649 412 3698 est
431 3645 469 3711 id,
489 3645 562 3713 quod
582 3645 686 3702 Usener
707 3645 773 3713 (ind.
792 3646 877 3699 schol.
897 3645 993 3709 Bonn,
1013 3644 1136 3712 1880181,
1155 3662 1181 3712 p.
1201 3645 1250 3714 ΠΙ)
1270 3645 1305 3699 de

146 3735 223 3788 libris
241 3734 355 3804 Epicuri
375 3734 510 3801 exposuit.
582 3733 609 3800 2)
636 3732 675 3787 cf.
694 3733 918 3802 Huepedenium,
938 3731 1149 3786 adnotationum
1173 3732 1208 3785 ad
1226 3733 1305 3786 Deru.

146 3822 181 3875 de
206 3839 263 3876 cor.
293 3840 333 3877 or.
365 3821 513 3890 specimen,
545 3820 624 3874 Cellis
654 3824 735 3889 1827,
764 3839 791 3890 p.
824 3823 864 3887 19,
895 3823 923 3874 et
949 3819 1226 3885 Rauchensteinium,
1257 3821 1305 3874 ob·

145 3929 215 3966 serv.
234 3913 262 3964 in
280 3912 359 3964 Dem.
378 3927 416 3964 cr.
437 3909 471 3962 de
490 3926 555 3976 cor,
573 3909 665 3962 Turici
687 3910 768 3974 1829,
796 3926 823 3976 p.
841 3911 866 3962 6.
948 3908 975 3976 3)
1003 3907 1129 3978 35206.
1201 3906 1230 3975 4)
1258 3907 1304 3962 Di·

145 4004 190 4054 cat
231 3999 365 4068 quispiam
405 3996 619 4050 Demosthenem
656 3997 742 4049 verba
779 3995 812 4050 de
841 3995 947 4063 ¹ordine
981 4012 1047 4048 suae
1083 3995 1136 4047 sibi
1170 3995 1305 4049 orationis

145 4085 324 4140 concedendo
356 4085 476 4152 potuisse
504 4084 608 4151 facere,
642 4084 749 4137 etiamsi
782 4083 932 4137 Aeschines
963 4082 1038 4135 illam
1069 4098 1128 4134 rem
1157 4098 1213 4135 non
1233 4099 1305 4136 com·

94 4229 97 4236 ,
144 4176 332 4226 memorasset.
381 4173 435 4227 Sed
469 4173 491 4226 si
521 4173 581 4240 ipsa
612 4171 778 4224 defensionis
808 4175 909 4224 natura
945 4171 1017 4223 ferat
1052 4169 1199 4238 postulare,
1232 4186 1304 4238 quae
