2954 4824
1228 322 1267 384 37

143 476 239 549 ταῦτ’
255 476 363 550 ἀδικεῖ
391 486 447 550 καὶ
477 478 520 551 ου’
546 475 661 570 γνώμῃ
692 478 892 571 διαμαρτών,
920 483 1063 572 μάλιστα
1094 479 1123 553 δ’
1140 487 1177 554 ἐκ
1205 494 1268 555 τοῦ

142 579 259 653 πάντα
289 584 351 653 τὸν
382 581 487 672 νόμον
516 589 609 672 μέχρι
643 592 701 673 τῆς
738 584 878 675 ὑστάτης
910 593 1077 677 συλλαβῆς
1109 595 1270 659 τοιοῦτον

143 686 246 754 εἶναι·
279 681 355 755 οὐδὲ
379 682 441 774 γὰρ
465 682 537 756 orid'
553 685 647 756 ἄκων
677 683 778 757 οὐδὲν
802 690 925 778 ἲθηκεν
956 685 1071 777 ὀρθῶς
1097 692 1174 777 ἐ’χον
1196 689 1268 761 οὐδ’

143 786 189 869 ὡς
212 783 291 876 ὑμῖν
321 789 433 877 ἔμελλε
463 785 698 878 λυσιτελήσειν.
730 798 805 871 παῖς
837 786 900 859 οὐκ
932 787 1020 872 εἰκὸς
1041 809 1149 880 μισεῖν
1172 817 1269 880 seqq,

142 915 249 976 neque
272 895 447 978 quidquam
470 897 502 959 iu
525 896 575 960 bis
598 897 724 979 quidem
749 897 855 962 verbis
877 898 1046 962 offensioni
1068 918 1139 964 esse
1155 905 1268 983 potest.

143 995 237 1075 Quae
259 1017 358 1062 eausa
381 996 449 1081 fuit,
479 1018 534 1063 cur
557 999 703 1064 Blassius
727 999 825 1065 verba
856 999 912 1063 illa
934 1019 1035 1082 usque
1057 1000 1100 1065 ad
1120 1007 1269 1082 ,λυσιτε-

144 1095 278 1187 λήσεινί
308 1107 459 1184 separata
482 1123 502 1166 a
525 1100 731 1183 sequentibus
759 1122 822 1166 uon
845 1102 942 1186 priori
969 1102 1106 1168 orationi
1129 1104 1161 1168 iu
1185 1124 1268 1169 eom·

143 1202 311 1267 mentariis
333 1203 464 1268 relictae
487 1204 543 1269 scd
567 1203 734 1286 posteriori
750 1204 781 1267 in
798 1223 897 1270 causa
921 1204 1051 1269 habitae
1074 1205 1269 1289 attribueret,

142 1321 216 1368 eum
241 1304 448 1388 neque-biatu
464 1305 586 1389 vitioso,
609 1325 671 1388 quo
688 1307 863 1389 sequeutia,
884 1306 1037 1390 laborent,
1060 1314 1092 1372 et
1111 1307 1154 1373 ad
1169 1307 1269 1373 verba

143 1405 163 1492 ξ
182 1409 232 1471 49.
254 1426 339 1489 quae
362 1412 449 1471 sunt:
480 1419 551 1484 τοῖς
573 1403 635 1491 γὰρ
668 1402 808 1473 ἄκουσιν
832 1402 1015 1493 ἁμαρτοῦσι
1037 1409 1166 1492 μέτεστι
1194 1427 1269 1494 συγ-

143 1504 288 1592 γνώμης,
313 1500 354 1574 oe’·
378 1522 448 1584 τοῖς
478 1506 763 1590 ὲπιβουλείσασιν,
795 1504 815 1574 ii
838 1507 878 1576 ori
902 1512 965 1574 νῦν
988 1509 1121 1596 εἴληψαι
1146 1515 1268 1577 ποιῶν.

144 1603 232 1676 ἀλλὰ
259 1609 320 1697 γὰρ
350 1603 469 1676 αὐτίκα
500 1611 565 1698 ἐρῶ
594 1613 672 1697 περὶ
701 1609 845 1691 τούτων,
876 1614 1058 1678 revocanda
1086 1615 1156 1679 sint.
1207 1613 1269 1692 Qui

144 1734 212 1796 qua
242 1714 488 1798 interpolatione
510 1714 598 1780 facta
628 1735 698 1779 eum
722 1715 828 1780 verbis
850 1715 869 1801 ᾗ
888 1717 965 1797 187.,
992 1735 1076 1798 quae
1099 1723 1171 1781 suut
1193 1711 1267 1782 οἶδα

145 1807 241 1882 δ’ὅτι
265 1834 361 1898 seqq,
389 1817 445 1880 illa
468 1817 567 1882 rerba
597 1817 783 1898 coniungat,
816 1823 848 1880 ut
870 1816 955 1880 iufra
977 1817 1157 1900 videamus,
1186 1837 1270 1883 nuuc

144 1939 186 1984 ea
208 1938 247 1984 eo
277 1919 355 2001 loeo,
386 1939 447 2001 quo
478 1919 598 1984 tradita
629 1924 715 2002 suut,
745 1926 878 2004 perapte
906 1919 970 1984 diei
1000 1919 1161 1985 indicasse
1190 1920 1271 1985 satis

146 2021 313 2104 babemus,
335 2023 412 2105 quia
436 2041 507 2087 cum
531 2021 796 2103 subsequentibus
819 2022 924 2086 verbis
947 2022 1066 2106 optime
1091 2023 1271 2090 cohaerent.

148 2125 262 2207 Neque
285 2143 360 2190 vero
391 2125 474 2205 iude,
504 2124 589 2208 quod
619 2125 704 2188 iutra
735 2143 791 2189 sex
814 2144 963 2189 versuum
993 2125 1132 2207 spatium
1163 2123 1271 2190 hiatus

146 2248 210 2291 uon
233 2228 424 2311 inveniatur,
453 2229 544 2307 ratio,
567 2247 623 2291 cur
644 2247 702 2291 suo
725 2227 794 2292 loco
819 2233 1014 2310 moveantur,
1036 2228 1137 2310 repeti
1160 2233 1271 2311 potest,

145 2350 251 2412 neque
281 2331 344 2395 iam
376 2330 435 2395 boc
465 2333 534 2395 loeo
573 2337 680 2395 orator
710 2330 875 2414 promisso,
904 2329 991 2412 quod
1020 2333 1040 2411 ξ
1064 2332 1112 2394 49.
1143 2329 1271 2411 fecerat,

146 2433 343 2499 satisfecisse
365 2434 527 2517 putandus
550 2441 606 2515 est,
628 2433 704 2514 quia
727 2432 854 2497 omniuo
887 2433 966 2497 nibil
989 2432 1021 2496 iu
1044 2451 1116 2498 eam
1146 2439 1269 2516 partem

147 2536 207 2601 boc
234 2536 320 2619 loeo,
356 2538 411 2619 qui
439 2537 472 2599 iu
503 2536 767 2618 disceptationem
798 2535 899 2616 venit,
934 2535 1137 2618 disputantur
1167 2554 1271 2617 neque

148 2638 323 2721 quidquam
348 2639 485 2722 amplius
508 2639 631 2720 legitur,
660 2637 721 2701 uisi
745 2636 913 2721 repetitum
937 2637 1078 2719 verbum,
1109 2636 1195 2719 quod
1221 2642 1271 2702 est

148 2737 397 2820 ἐπιβουλεύσας.
443 2741 521 2804 Mibi
552 2741 657 2824 potius
679 2740 778 2806 verba
806 2738 891 2824 §tta
914 2738 957 2802 ad
988 2758 1027 2804 ea
1058 2747 1204 2823 spectare
1226 2738 1271 2802 vi-

147 2844 271 2925 dentur,
301 2863 383 2926 quac
406 2843 480 2909 iude
503 2863 523 2907 a
545 2842 565 2927 ξ
584 2845 651 2908 160.
675 2841 832 2926 leguntur,
862 2841 917 2906 ubi
947 2841 1139 2926 explicatius
1169 2841 1208 2907 de
1231 2860 1270 2907 ea

149 2967 182 3014 re
204 2947 380 3012 disseritur.

234 3047 390 3128 Quoniam
415 3054 481 3112 tota
513 3048 571 3112 illa
598 3047 756 3130 particula
788 3066 849 3111 uno
880 3052 989 3111 tenore
1018 3045 1115 3111 fluere
1137 3044 1273 3130 ridetur,

147 3173 241 3236 nune,
263 3171 346 3234 quae
361 3151 404 3215 ibi
419 3151 566 3235 exposita
581 3156 663 3227 suut,
686 3149 824 3214 breviter
839 3149 1039 3232 complector.
1072 3150 1118 3212 Ao
1133 3148 1270 3232 primum

148 3256 277 3340 quidem
306 3254 410 3319 scelus
433 3253 624 3318 Timocratis
654 3258 761 3316 orator
782 3251 829 3316 ita
852 3257 956 3333 auget,
986 3256 1028 3330 ut,
1056 3269 1150 3332 quem
1174 3248 1271 3314 homi-

148 3380 223 3423 num
248 3377 425 3442 pauperum
449 3376 612 3438 uunquam
628 3355 804 3420 miseritum
828 3354 879 3434 sit,
901 3353 1037 3418 eundem
1060 3351 1103 3417 ad
1127 3350 1271 3418 homiues

148 3461 267 3526 divites
290 3461 374 3524 omui
399 3478 503 3544 poena
518 3458 702 3523 liberandos
724 3459 837 3540 legem,
861 3475 924 3538 qua
940 3454 1122 3539 respublica
1145 3455 1272 3536 maguis

148 3564 293 3648 pecuniis
316 3563 464 3646 privetur,
494 3561 605 3626 tulisse
628 3559 829 3643 gravissimis
852 3558 957 3624 verbis
979 3558 1100 3623 efferat.
1148 3556 1272 3622 Deinde

148 3665 340 3731 Timocratis
363 3667 468 3730 scelus
483 3684 522 3729 eo
538 3663 642 3728 maios
665 3683 744 3744 esse,
767 3662 852 3744 quod
874 3682 937 3726 uon
960 3661 1057 3725 futuri
1080 3660 1192 3741 solum,
1214 3658 1272 3724 sed

149 3771 247 3836 etiam
283 3767 448 3850 praeteriti
485 3765 639 3850 temporis
670 3766 815 3830 homiues
849 3764 990 3830 nefarios
1023 3782 1132 3827 omnes
1165 3779 1271 3844 poena

149 3873 340 3953 liberaverit,
373 3871 511 3954 exponit.
554 3867 646 3946 Quod
669 3887 744 3933 vero
770 3868 812 3933 ad
836 3867 946 3932 horum
970 3865 1137 3931 verborum
1161 3863 1271 3928 dictio·

150 3995 221 4041 nem
252 3974 379 4054 attinet,
409 3973 580 4039 Beuselero
609 3978 640 4036 et
670 3971 842 4036 Sebaefero
873 3970 906 4033 id
938 3968 1077 4033 maxime
1107 3967 1274 4032 offensioni

150 4086 207 4158 est,
229 4077 314 4159 quod
338 4084 445 4140 orator
467 4074 621 4139 nonnulla
644 4073 768 4157 repetit,
797 4090 882 4154 quae
904 4071 970 4135 iam
993 4089 1092 4152 supra
1106 4065 1273 4152 exposuit.

151 4181 236 4245 Nam
258 4197 343 4262 quae
367 4177 441 4244 lude
464 4178 720 4261 a§tl3.-115.
744 4176 901 4259 leguntur,
922 4171 1035 4238 eadem
1060 4172 1125 4238 sere
1149 4169 1275 4236 brevius
