2954 4824
605 389 800 448 -101-

205 553 356 606 Postremo
381 549 503 606 monime
529 553 633 620 ooepte
651 548 744 605 oratio
762 549 905 618 turbetur,
924 565 987 606 eum
1008 549 1220 605 enuntiationes
1238 549 1288 604 inn-

111 657 264 730 perfectae
292 657 498 728 relinquuntur.
536 657 618 723 Quod
647 672 739 727 genus
767 657 972 728 neglegentiae
996 658 1124 728 reperies
1142 658 1212 713 looie
1231 655 1303 713 hiot'

112 765 236 822 XXXV.
255 767 298 827 54.
313 755 380 839 όπερ
390 757 440 822 σύν
449 765 477 822 έν
487 761 559 840 ἀρχῇ
570 759 709 838 ὑπεθέμην
717 761 764 818 τοῦ
774 761 864 835 λόγου,
884 756 926 819 ότι
934 771 981 819 καὶ
991 759 1067 839 ύμελς
1086 756 1222 820 ἀδικεῖσθε
1242 795 1277 812 ⁶-
1283 787 1292 832 ,·

112 873 278 930 XXXXIII.
297 875 324 933 6.
337 864 420 933 οότως
432 877 481 926 stoi
490 877 588 947 μιαροὶ
599 861 682 936 οἷποι,
693 877 741 926 καί
747 905 790 936 ·-‚
809 875 853 933 21.
864 864 951 948 ὥσπερ
961 869 1015 947 γὰρ
1025 869 1118 944 ὀλίγον
1126 889 1152 927 τι
1161 869 1293 947 πρότερον

111 977 252 1048 ἀκηκόατε,
277 980 381 1051 quibos
406 979 501 1036 verbio
526 995 601 1050 quae
627 980 805 1050 respondent
823 995 879 1036 non
899 986 1056 1050 sequuntur
1076 981 1127 1050 (eo.
1147 971 1230 1040 οὕτως
1247 984 1293 1033 καὶ

112 1088 165 1146 νῦν
183 1083 311 1157 ἀκούετε),
330 1089 373 1148 67.
392 1084 504 1144 κελεύων
520 1095 578 1149 τοῖς
594 1093 804 1162 κατοιχομένοις
820 1096 910 1145 ποιεῖν
927 1084 990 1149 τούς
1001 1085 1184 1161 προσήκοντας
1196 1090 1225 1144 ἐν
1235 1093 1294 1147 ταῖς

113 1192 299 1263 καθηκούσαις
316 1190 435 1269 ἡμέραις,
467 1195 516 1251 ubi
541 1201 608 1266 post
625 1203 715 1252 ποιεῖν
733 1193 880 1253 addideris
898 1191 932 1250 τά
951 1192 1118 1269 νομιζόμενα
1137 1194 1184 1264 (ef.
1203 1195 1219 1266 S
1237 1195 1293 1264 65),

113 1307 159 1364 68.
180 1307 276 1363 οἵτινές
292 1321 330 1373 γε,
350 1295 371 1355 ὦ
389 1302 442 1356 Ζεί
457 1309 503 1357 καλ
521 1310 584 1358 θεοί
611 1334 652 1368 -,
671 1306 715 1364 79.
735 1300 766 1358 ου’
788 1310 881 1360 τοίνυν
897 1303 983 1358 ταῦτα
1004 1300 1100 1378 μόνον,
1121 1295 1142 1357 δι
1165 1297 1190 1357 ό.
1209 1300 1233 1356 δ.
1248 1333 1293 1370 -,

114 1404 183 1462 ἀλλά
202 1411 249 1462 καλ
267 1406 467 1483 τούμνύματος
485 1404 562 1471 ὄντος
579 1409 672 1468 κοινοῖ
693 1402 777 1465 ἀπασι
800 1415 857 1472 τοῖς
873 1413 1009 1465 Βουσέλου
1035 1415 1191 1482 γενομένοις
1210 1446 1243 1454 -
1254 1413 1293 1482 ¹)3

114 1509 305 1576 xxxxvili.
326 1517 368 1577 10.
388 1510 448 1572 οἷον
465 1519 510 1570 καλ
529 1511 544 1570 ό
564 1513 629 1590 έμός
648 1514 767 1590 ἀδελφὸς
789 1547 830 1582 -,
868 1521 911 1579 40,
930 1521 997 1588 λέγω
1015 1510 1058 1572 ’ότι
1071 1508 1294 1579 ούτοςδιάτοότο

102 1657 150 1672 ιι-
170 1620 220 1678 ούκ
237 1620 364 1692 ἠθέλησεν
381 1625 524 1698 ἐπιτρέψαι
552 1657 594 1690 -,
622 1627 665 1686 46.
694 1619 710 1678 ό
736 1625 767 1679 δέ
785 1623 894 1682 πάντων
909 1622 1040 1697 μέγιστόν
1059 1627 1138 1688 ἔστιν,
1164 1617 1192 1678 τό.
1213 1619 1238 1678 ἀ.
1259 1625 1293 1689 d„

116 1721 203 1800 ᾧκαλ
221 1728 356 1802 γνώσεσθε
380 1738 487 1788 τουτονὶ
514 1725 556 1787 ότι
587 1727 681 1794 ἀδικός
700 1735 755 1787 ἐστι
772 1739 818 1788 καλ
836 1738 994 1800 πλεονέκτης
1012 1727 1156 1807 ἀνθρωττος
1178 1768 1221 1802 -,
1249 1736 1292 1793 47.

113 1835 189 1893 ταῦτ’
210 1838 295 1913 έχρην
313 1834 396 1895 αὐτόν
414 1865 464 1907 -,·
483 1841 659 1903 XXXXVII.
678 1844 721 1902 41.
742 1838 828 1900 έλθών
846 1848 882 1904 eie
900 1838 947 1908 τὴν
966 1837 1065 1910 βουλὴν
1085 1833 1133 1901 τός
1145 1859 1172 1894 τε
1193 1836 1295 1910 πληγάς

116 1944 207 2009 ἔδειξα
225 1952 271 2001 καὶ
291 1941 308 2000 ἀ
327 1944 469 2009 πεπονθός
487 1938 519 2016 ἦν
536 1950 606 2013 ελττα,
625 1956 671 2004 καὶ
689 1941 731 2004 ότι
758 1935 923 2025 εῖόπράττων
940 1950 971 2026 τῇ
997 1946 1073 2004 πόλει
1091 1945 1125 2004 τά
1151 1945 1229 2015 σκεύη
1250 1981 1294 2017 -·‚

115 2057 162 2115 69.
179 2051 214 2108 τά
234 2055 265 2109 δὲ
280 2052 501 2128 συμβουλεύομέν
519 2073 569 2121 σοι,
591 2053 683 2126 ἐπειδὴ
703 2053 785 2118 αύτός
803 2059 856 2131 μὲν
875 2053 906 2112 ού
919 2061 1077 2131 παρεγένου,
1096 2051 1112 2122 ἡ
1130 2055 1160 2111 δὲ
1179 2051 1245 2124 γυνη
1256 2075 1290 2108 κα

116 2157 152 2215 τό
172 2162 272 2217 παιδία
290 2183 343 2236 -3
361 2164 523 2226 XXXXIX.
543 2169 679 2235 Oproxx.
693 2161 784 2234 ἐπειδὴ
801 2161 826 2218 δ’
848 2157 1078 2239 ἀπεχειροτονήθη
1090 2196 1132 2232 -,
1154 2166 1196 2218 ίπλ
1209 2168 1294 2236 κρίσει

114 2269 146 2325 δέ
154 2271 326 2346 παρεδέθοτο
337 2303 374 2344 -,
384 2269 531 2344 ἐφειστήκει
544 2269 614 2337 δ’-,
625 2265 695 2328 οότω
705 2273 735 2328 δὲ
746 2275 874 2332 διέθεσαν
883 2269 955 2346 όμᾶς
964 2306 1005 2338 -,
1017 2266 1113 2327 ὥστ’-
1125 2267 1296 2328 ἀπεκτείνατε

119 2381 217 2431 καλ-
235 2376 406 2451 ἐδημεύσατε,
427 2375 510 2437 αύτόν
528 2380 558 2434 δέ
576 2378 715 2438 τοῦτον-
725 2377 804 2454 μόλις
821 2382 874 2454 μὲν
892 2382 1028 2448 ἐπείσθητε
1048 2377 1165 2452 ἀφεῖναι,
1186 2395 1296 2452 στρατη-

119 2483 220 2555 γοῦντα
237 2482 263 2539 δ’
283 2482 367 2542 τιύτόν
379 2483 510 2542 ἐπαύσατε
530 2519 572 2553 -,
587 2491 629 2548 13.
639 2485 816 2559 πανταχόθεν
835 2485 860 2543 δ’
881 2485 1070 2564 ἀπορούμενος
1089 2493 1134 2542 καὶ
1159 2490 1189 2544 έν
1211 2483 1296 2558 ἀγῶνι

117 2591 156 2664 τῷ
172 2599 291 2666 μεγίστῳ
308 2590 521 2661 καθεστηκώς-
540 2592 588 2649 διά
606 2592 638 2649 τό
657 2602 851 2670 συμβεβηκέναι
868 2597 899 2672 τη
917 2593 993 2651 πόλει
1011 2597 1124 2650 τοιαῦτα
1143 2591 1294 2672 πράγματα

117 2695 242 2776 ἀμισθον
257 2704 311 2773 μὲν
327 2696 359 2756 τό
377 2697 532 2778 στράτευμα
550 2701 747 2759 καταλελύσθαι
766 2707 954 2778 ίνΙίαλαυρίη,
979 2708 1183 2778 πολιορκεῖσθαι
1203 2701 1233 2757 δέ
1252 2737 1295 2764 -,

113 2803 337 2883 κατηγορούντων
355 2810 438 2876 ‹id-7
458 2813 495 2865 ἔτι
514 2812 545 2868 δὲ
558 2843 592 2854 -
607 2805 835 2883 (ἀπαγγελλόντων,
855 2807 889 2866 τό
910 2811 941 2866 δὲ
959 2813 1004 2866 καὶ
1015 2842 1046 2851 -
1059 2805 1171 2866 ε’κάστου
1190 2812 1296 2866 πυνθα-

115 2923 238 2992 νομένου
260 2939 308 2992 -3
336 2919 473 2981 L111.29.
493 2915 540 2977 έάν
570 2909 620 2978 ούν
638 2921 806 2994 ἐνθυμηθῆτε
825 2911 868 2974 ότι
887 2913 1011 2975 ούδέττοτ’
1032 2920 1106 2974 ἔσται
1124 2913 1224 2995 ἀπορία
1243 2938 1296 2991 -3

115 3029 191 3089 LIX.
212 3031 255 3089 12.
274 3024 482 3102 προκαλούντων
499 3025 534 3096 δη
551 3047 587 3102 με
607 3019 742 3093 ἀπόντων,
762 3029 819 3099 ἰδίη
836 3023 1004 3102 προσιόντων
1016 3030 1086 3100 ἐμοὶ,
1106 3029 1149 3081 dni
1163 3034 1297 3102 τιμωρέειν

115 3139 263 3210 τρέπεσθαι
273 3167 316 3208 ——,
325 3142 370 3190 καλ
377 3131 562 3200 ὀνειδιζόντων
570 3159 621 3210 μοι
632 3129 837 3213 ἀνανδρότατον
847 3138 923 3202 εἶναι,
935 3143 958 3190 εί
968 3127 1051 3197 eive.
1060 3142 1162 3196 ολκείως
1171 3133 1243 3206 ἔχων
1260 3165 1294 3176 -

116 3239 156 3317 μὴ
178 3241 304 3318 ληψομαι
321 3244 398 3314 δίκην
416 3281 450 3294 ,-
469 3246 539 3320 μηδὲ
567 3242 614 3314 τὴν
640 3245 796 3321 περιτγανώς
819 3278 845 3289 —
868 3241 1018 3314 ἀσεβοῦσαν
1036 3217 1074 3291 „⁶
1090 3238 1242 3314 εἰσαγαγών
1260 3249 1296 3304 ελς

117 3348 197 3426 τ’·μῐις,
216 3358 261 3406 καλ
279 3355 412 3424 ἐξελέγξας
429 3352 466 3423 τῷ
492 3349 571 3424 λόγῳ,
591 3345 626 3414 ὥς
645 3343 739 3417 ἀδικεῖ,
758 3361 867 3429 κυρίους
883 3349 1037 3420 καταστήσω
1056 3342 1098 3406 ότι
1120 3345 1154 3408 ἂν
1165 3347 1296 3420 βούλησθε

115 3459 239 3534 χρῆσθαι
258 3456 325 3534 αὕτη
345 3495 388 3524 -,
407 3463 450 3522 36.
471 3461 640 3535 διατρίψασα
659 3456 728 3524 δ’-,
743 3456 779 3521 ὡς
797 3457 862 3536 αὕτη
882 3450 896 3528 ό
917 3456 971 3514 ἀπὸ
984 3457 1169 3535 τοῦσώματος
1184 3461 1296 3534 ἐργασία

118 3564 173 3638 ούχ
201 3563 295 3634 ἱκανόν
322 3564 452 3644 εὐπορίαν
478 3575 609 3652 παρεῖχεν
634 3559 700 3622 ὥστε
724 3568 838 3626 διοικεῖν
860 3565 908 3637 τὴν
936 3574 1025 3628 ολκίτιν
1056 3601 1097 3633 -,
1126 3571 1170 3630 96.
1190 3569 1246 3621 έτττλ
1265 3566 1296 3622 δὲ

209 3821 231 3890 ¹)
259 3821 322 3878 Non
357 3821 456 3878 notavi
482 3821 647 3884 XXXXIII.
672 3823 716 3884 50.
744 3813 785 3882 οἷς
810 3815 865 3896 γάρ
892 3819 1005 3875 δίδωσιν
1032 3815 1048 3871 ό
1076 3822 1226 3892 νομοθέτης
1251 3813 1299 3884 τὴν

121 3903 280 3980 ἀγχιστείαν
297 3915 342 3964 καλ
361 3904 409 3978 τὴν
425 3913 616 3985 κληρονομίαν,
635 3906 747 3972 τούτους
766 3905 949 3980 ἀναγνώσεται
967 3903 1034 3982 ὑμῖν
1049 3903 1113 3970 τούς
1124 3904 1234 3981 νόμους,
1248 3907 1298 3963 ubi

119 3999 153 4060 G.
164 3999 198 4059 Η.
207 3997 437 4070 Schoefer.(opp.
446 4000 510 4061 orit.
521 4001 556 4071 V,
565 4016 594 4070 p.
606 4001 669 4072 111)
688 4005 755 4069 poet
770 3994 840 4074 γδρι
852 3994 1014 4072 ἀνθρώποις,
1034 4002 1101 4068 poet
1111 4001 1296 4072 κληρονομίαν

118 4089 165 4145 vei
184 4095 252 4146 onie
273 4083 325 4151 oie:
362 4084 396 4146 ἵν’
416 4088 501 4157 emine
520 4089 747 4147 subaudiendum
766 4103 831 4144 enee
850 4091 963 4160 στατοῖς
992 4101 1058 4142 nom
1078 4079 1119 4150 οἷς
1135 4085 1296 4156 pronomini

119 4177 186 4242 mini
205 4180 319 4260 quidem
339 4179 453 4244 videtur
472 4179 648 4257 respondere
666 4176 779 4242 τούτους
794 4193 877 4260 pron,
896 4177 1159 4244 demonstrativum,
