2954 4824
669 962 786 1062 Vita.

273 1161 380 1216 Paulus
399 1159 581 1216 Bernhardus
600 1159 672 1215 Uhie
696 1165 780 1215 uatus
808 1177 870 1228 sum
895 1178 920 1216 u.
941 1161 968 1222 d.
992 1162 1070 1218 VIII.
1091 1163 1150 1224 (iai.
1174 1165 1246 1225 Nou.
1266 1181 1291 1219 a.
1311 1165 1337 1219 h.

168 1285 190 1324 s.
210 1269 286 1328 LVI.
305 1268 333 1323 iu
352 1269 413 1324 vieo
433 1267 648 1324 Niederfrolma.
687 1268 767 1323 Fidei
794 1269 926 1324 addictus
952 1287 1016 1324 sum
1041 1272 1234 1340 evangelicae.
1272 1272 1338 1326 Illos

166 1393 219 1446 per
239 1391 338 1443 anuos,
365 1376 467 1444 quibus
493 1376 559 1432 civis
583 1375 623 1430 fui
642 1376 784 1431 seminarii
809 1377 868 1431 ludi
893 1379 1095 1446 umgistrorum
1125 1379 1285 1447 quibusque
1310 1379 1337 1432 in

165 1483 233 1538 ludo
260 1484 374 1553 publico
388 1499 502 1538 munere
516 1482 633 1538 functus
653 1499 714 1538 sum
734 1485 942 1553 praeceptoriu,
962 1489 1070 1539 tuntum
1094 1501 1209 1554 operum
1235 1487 1339 1541 navari

164 1590 267 1646 litteris
287 1593 399 1660 graecis
419 1596 448 1646 et
466 1590 571 1659 latium,
590 1595 622 1645 ut
641 1607 665 1644 a.
686 1591 711 1646 h.
732 1607 753 1646 s.
773 1591 916 1650 LXXVII.
942 1593 969 1646 iu
1000 1593 1151 1662 Gyumasio
1181 1592 1333 1648 Ohemuiti-

164 1700 225 1754 ensi
251 1699 424 1754 maturitatis
444 1698 635 1754 testimonium
662 1699 785 1767 adeptus
811 1699 871 1758 sim.
910 1699 971 1764 Quo
997 1705 1117 1768 accepto
1145 1699 1271 1769 Lipsiam
1292 1716 1337 1754 me

164 1807 269 1861 contuli
289 1806 386 1876 ibique
423 1794 536 1862 scholas
556 1805 612 1860 adii
632 1806 755 1860 virorum
774 1806 1025 1860 illustrissimorum
1052 1807 1085 1862 G.
1106 1806 1205 1872 Curtii,
1225 1805 1337 1874 Langii,

164 1914 262 1984 Lipsii,
281 1913 555 1983 Zarnekii,Bruuuii,
572 1913 601 1966 G.
621 1913 740 1982 Voigtii,
760 1913 795 1968 de
815 1911 959 1978 Nordenii,
979 1913 1095 1972 Heiuzii.
1122 1915 1242 1969 Iueuute
1262 1928 1337 1966 amm

162 2021 189 2075 h.
216 2038 236 2080 s,
264 2022 380 2081 LXXX.
407 2037 527 2076 examen
553 2036 605 2090 pro
632 1994 770 2075 saeuitum
797 2005 1085 2089 doeeudisupmuvi.
1131 2019 1201 2074 Inde
1227 2018 1264 2073 ab
1289 2017 1336 2072 illo

163 2133 293 2197 tempore
312 2132 489 2201 praeceptor
503 2143 565 2182 sum
592 2128 620 2181 iu
653 2127 808 2198 Gymnasio
834 2143 880 2195 qu.
901 2127 928 2182 d.
948 2128 1017 2182 reali
1038 2124 1249 2193 Chemuitieusi,
1280 2124 1336 2192 pri-

163 2249 345 2290 mum‘unum
363 2233 424 2290 iere
444 2251 548 2288 anuum
568 2235 821 2302 extraordinarius,
840 2217 899 2288 t‘um
920 2233 1087 2292 ordinarius.
