2998 4826
739 245 778 304 10

182 425 293 491 eisdem
314 425 375 487 fere
397 425 495 488 verbis
515 425 614 488 refert.
647 426 727 487 Nam
742 427 833 488 talem
854 428 972 490 dicendi
993 427 1139 489 rationem
1156 427 1187 488 in
1209 429 1342 492 oratione

183 549 245 589 una
271 529 433 608 eademque
464 529 665 590 Kirchhoffius
690 529 844 591 ferendam
871 553 934 592 esse
960 540 1050 610 negat
1063 533 1111 610 ll..
1139 532 1247 611 Itaque
1273 532 1341 594 illas

184 638 218 707 ξς
241 630 318 692 inter
339 631 414 691 duas
436 632 583 692 orationes
605 631 646 692 sic
669 632 890 695 distribuendas
911 655 974 696 esse
996 635 1165 708 arbitratur,
1189 643 1223 694 ut
1247 635 1343 696 altera

182 742 312 813 ponatur
333 734 363 794 in
386 734 506 795 exordio
528 733 669 795 orationis
692 734 809 814 prioris,
832 735 926 797 altera
947 737 1116 816 posterioris
1130 737 1160 813 ²).
1204 737 1341 799 Concedo

180 845 259 897 recte
281 836 502 897 Kirchhoffium
515 837 696 898 intellexisse
711 857 771 897 non
793 858 855 898 esse
877 837 991 899 factum
1014 839 1086 900 satis
1109 847 1185 918 apte,
1208 848 1243 899 ut
1264 840 1342 902 duae

182 938 253 999 illae
276 946 310 1014 ἐξ
327 937 416 999 simul
438 939 469 998 in
491 960 584 1000 unam
599 940 761 1001 orationem
783 939 985 1018 reciperentur
999 944 1029 1023 3).
1059 942 1165 1021 Neque
1187 951 1287 1004 tamen
1303 945 1341 1006 ob

183 1061 248 1102 eam
260 1061 382 1101 causam
394 1041 603 1102 Demosthenis
613 1041 775 1102 orationem
786 1031 1056 1103 duodevicesimam
1064 1043 1094 1103 in
1108 1044 1183 1105 duas
1194 1046 1341 1107 orationes

182 1143 378 1204 dirimendam
400 1164 463 1204 esse
485 1143 655 1205 censuerim.
699 1144 785 1204 Duas
807 1143 897 1223 igitur
918 1166 964 1206 res
980 1147 1109 1207 conabor
1123 1148 1340 1211 demonstrare:

182 1266 278 1324 neque
300 1267 460 1326 congruere
481 1245 690 1308 Demosthenis
712 1246 919 1307 consuetudini
940 1247 1064 1321 dicendi
1088 1251 1167 1328 quod
1189 1272 1244 1331 par
1265 1252 1342 1313 illud

182 1349 437 1428 paragraphorum
459 1349 512 1409 uni
527 1349 680 1429 eidemque
702 1349 797 1409 ordini
812 1348 952 1409 orationis
972 1350 1115 1411 insertum
1137 1354 1183 1427 sit,
1205 1362 1235 1415 et
1256 1376 1342 1434 posse

184 1451 317 1530 aliquam
343 1452 480 1532 indagari
506 1451 650 1512 rationem
681 1451 723 1511 rei
750 1451 952 1532 expediendae
980 1474 997 1513 a
1023 1453 1202 1517 Kirchhoffii
1227 1456 1343 1519 ratione

183 1553 339 1616 diversam.

269 1657 463 1736 Quamquam
478 1655 566 1718 multi
588 1664 657 1718 sunt
673 1656 730 1718 loci
751 1656 782 1717 in
797 1656 980 1718 orationibus
994 1657 1210 1734 Demosthenis,
1234 1661 1343 1740 quibus

184 1779 227 1834 ea,
250 1780 327 1839 quae
349 1759 439 1820 semel
460 1759 589 1834 dixerat,
618 1780 720 1820 rursus
747 1759 804 1820 sibi
825 1757 951 1819 dicenda
973 1779 1036 1820 esse
1057 1763 1199 1840 putabat,
1225 1763 1343 1825 nullum

185 1870 287 1922 tamen
309 1861 440 1936 invenio,
474 1861 558 1922 cuius
584 1860 660 1922 ratio
688 1861 726 1921 sit
751 1861 854 1922 eadem
877 1869 967 1940 atque
994 1861 1078 1942 illa,‘
1093 1885 1170 1942 quae
1190 1863 1346 1929 intercedit

184 1963 261 2024 inter
288 1967 327 2025 18
351 1970 385 2040 ἐξ
412 1967 427 2026 1
452 1973 482 2025 et
504 1969 531 2026 8.
574 1964 610 2025 Id
638 1984 671 2024 eo
694 1963 801 2025 certius
827 1984 948 2044 possum
975 1965 1085 2048 dicere,
1117 1969 1259 2047 quoniam
1284 1991 1345 2032 non

186 2066 282 2127 solum
304 2067 404 2127 omnia
426 2066 564 2147 exempla
585 2066 800 2128 sententiarum
818 2065 999 2143 iteratarum,
1022 2091 1100 2149 quae
1122 2063 1161 2133 ab
1183 2072 1250 2134 aliis
1272 2073 1346 2135 alla·

186 2177 219 2231 ta
240 2190 303 2231 esse
331 2169 460 2231 sciebam
471 2171 508 2251 ⁴),
539 2191 609 2231 oum
640 2168 782 2248 religione
811 2169 957 2246 recensui,
992 2172 1042 2233 sed
1069 2172 1160 2234 etiam
1190 2175 1253 2255 ipse
1284 2179 1343 2238 197

255 2310 278 2377 1)
304 2310 334 2363 P.
352 2312 395 2363 80.
485 2307 512 2376 2)
535 2307 566 2360 P.
591 2307 703 2360 80-82.
741 2304 780 2358 Cf.
799 2304 924 2374 Foxium,
942 2324 969 2375 p.
988 2310 1040 2361 232
1060 2325 1082 2362 e.
1102 2327 1128 2377 q.
1147 2327 1182 2377 s.‚
1209 2305 1345 2364 Blestium

189 2396 236 2464 111,
257 2399 281 2465 1,
300 2395 335 2450 74
355 2401 383 2450 et
400 2399 443 2464 75,
462 2395 591 2449 Weilium
611 2395 695 2463 (ann,
717 2393 793 2460 1876)
812 2409 839 2460 p.
862 2395 911 2446 179
930 2399 958 2447 et
979 2397 1037 2449 180.
1117 2397 1144 2464 3)
1168 2395 1231 2450 Nou
1250 2415 1345 2452 omnes

190 2488 265 2538 certe
284 2485 435 2538 sententias
455 2485 570 2538 iteratas
595 2483 662 2536 ferri
685 2497 766 2550 posse
792 2481 920 2549 exposuit
940 2480 971 2536 G.
992 2482 1179 2551 Hermannus‚
1198 2484 1233 2538 de
1252 2485 1282 2538 it.
1302 2503 1346 2555 ap.

187 2571 267 2626 Hom.
287 2573 368 2638 1840,
396 2590 422 2640 p.
442 2575 458 2627 5
477 2576 505 2626 et
525 2573 565 2624 11.
602 2570 695 2624 Etiam
719 2568 841 2622 Blassius
862 2568 948 2636 (Deru.
968 2571 1118 2638 orationes,
1139 2573 1191 2625 vol.
1210 2572 1243 2640 1⁴,
1271 2573 1345 2642 Lips.

188 2661 264 2725 1885,
283 2677 310 2728 p.
324 2659 424 2730 XXIV)
444 2659 579 2714 concessit
591 2655 805 2711 Demosthenem
826 2657 938 2723 cavisse,
957 2675 992 2711 ne
1012 2675 1059 2724 „se
1077 2659 1137 2727 ipse
1150 2662 1345 2728 exscriberet“‚

187 2749 351 2816 pracsertim
369 2766 445 2816 voro,
463 2765 499 2802 ne
518 2748 564 2815 „in
583 2746 679 2800 eadem
698 2745 823 2800 oratione
842 2744 941 2798 eadem
959 2746 994 2799 ub
1019 2751 1130 2800 oratore
1148 2749 1287 2816 repetita“
1306 2749 1346 2802 in·

187 2838 356 2890 venirentur.
391 2837 417 2889 Is
435 2853 501 2890 vero
520 2831 695 2905 σχολιαστής,
721 2834 797 2888 cuius
819 2835 906 2887 verba
931 2834 1108 2886 inueniuntur
1135 2836 1209 2904 apud
1227 2837 1298 2890 Bait.
1319 2841 1347 2890 et

188 2926 303 2994 Saupp.‚
325 2925 355 2980 Ο.
373 2925 421 2989 Α.,
440 2925 480 2989 ΙΙ,
497 2943 521 2994 p.
542 2925 575 2976 76
593 2922 627 2990 b,
654 2941 691 2976 vs.
711 2925 760 2988 28,
779 2921 808 2974 id
827 2939 882 2976 non
901 2921 1009 2974 videtur
1028 2923 1193 2990 respexisse,
1212 2941 1293 2992 quem
1312 2924 1347 2978 ad

188 3013 300 3067 modum
319 3013 450 3067 hocloco
469 3011 607 3064 sententia
626 3015 698 3064 esset
721 3010 830 3063 iterata.
872 3007 944 3062 Nam
970 3007 1099 3074 ταυτότης
1122 3009 1347 3080 ἐπιχειρημάτων,

188 3102 211 3155 si
237 3101 280 3155 his
307 3100 399 3154 vorbis
435 3101 476 3153 uti
504 3100 583 3166 licet,
614 3116 671 3152 non
698 3097 821 3165 postulat
851 3098 1005 3151 necessario
1035 3093 1184 3162 ταυτότητα
1214 3097 1347 3170 ῥημάτων.

188 3190 218 3259 41
236 3184 340 3258 Σχόλια
356 3189 578 3242 Demosthenioa.
614 3187 752 3255 Hermog.,
773 3185 807 3239 do
825 3185 872 3253 id,
892 3189 916 3251 2,
931 3187 955 3250 6,
972 3186 1021 3252 III,
1042 3203 1068 3254 p.
1082 3188 1131 3240 331
1150 3185 1192 3240 W.
1208 3187 1293 3254 Tayl.,
1312 3187 1346 3241 cf.

189 3277 307 3344 Schaef„
327 3294 389 3345 app.
409 3277 450 3344 D.
469 3277 503 3342 11,
522 3278 557 3329 30
575 3293 597 3328 e.
612 3293 637 3344 q.
651 3293 671 3329 s.
707 3273 850 3342 Exemplis
870 3272 1055 3341 aRnedigero
1075 3273 1202 3343 (Sabaei,
1223 3292 1285 3343 app.
1304 3275 1348 3343 Ι),

188 3368 210 3433 Ι,
225 3368 275 3419 130
290 3383 312 3419 e.
327 3383 352 3434 q.
368 3365 398 3434 s.)
413 3368 441 3418 et
455 3364 583 3418 Weiskeo
597 3363 726 3430 (Schaef.,
741 3380 804 3430 app.
818 3362 861 3428 Ι),
874 3361 895 3426 Ι,
908 3362 959 3413 443
974 3377 996 3414 e.
1009 3379 1035 3429 q.
1050 3361 1080 3430 s.)
1093 3363 1211 3416 inventis
1226 3380 1291 3416 usus
1306 3367 1348 3417 est

190 3453 362 3509 Gersdorfius
379 3452 424 3521 (ol.
435 3468 543 3520 synops.
553 3469 580 3520 p.
592 3454 605 3505 1
617 3469 640 3505 e.
651 3469 676 3520 q.
688 3453 727 3516 s).
756 3449 939 3518 spaldingius
961 3447 995 3500 cf.
1008 3449 1122 3516 Buttm,
1139 3449 1263 3503 Midiana
1271 3453 1347 3518 1823,

190 3546 363 3610 excerptaex
376 3539 461 3609 praef.
478 3539 532 3606 Sp..
552 3557 577 3607 p.
590 3539 653 3593 VIII
662 3544 689 3594 et
698 3539 744 3592 IX.
771 3535 1035 3603 Buttmaunusipse‚
1052 3537 1088 3590 ib.
1099 3554 1126 3605 p.
1136 3537 1183 3591 IX.
1208 3539 1349 3607 Brougha-

188 3629 546 3697 mius,theEdinb.Review‚
556 3625 1073 3696 lampeto-246,1821‚p.82-110‚
1083 3625 1348 3693 1822,ρ.383-516.

191 3715 370 3783 Gersdorfiuq
391 3733 498 3784 synope.
518 3720 606 3785 repet.
618 3717 695 3769 Dem.
715 3715 775 3781 loc,
794 3711 1040 3778 Altenburg1833.
1068 3711 1239 3782 Quamquam
1252 3712 1349 3768 Gersd.

190 3805 265 3860 haud
282 3822 370 3874 pauca
391 3805 516 3873 exempla
536 3822 569 3859 ex
588 3804 626 3858 eis
646 3802 818 3857 orationibus
840 3799 942 3866 attulit,
963 3816 1030 3867 quas
1049 3800 1132 3854 hodie
1159 3801 1283 3870 plerique
1301 3801 1349 3856 ho·

190 3894 276 3947 mines
291 3892 358 3946 artis
372 3893 486 3946 criticas
504 3893 586 3962 periti
600 3910 616 3946 u
628 3893 706 3945 Dem.
726 3890 844 3957 scriptos
862 3904 917 3941 non
937 3904 994 3941 esse
1008 3890 1109 3955 putant
1127 3888 1223 3954 (veluti
1236 3907 1276 3942 or.
1289 3889 1349 3944 VII.

191 3987 219 4036 et
231 3982 284 4048 X).
305 3980 541 4047 Westermannus,
555 3984 659 4049 quaest.
673 3980 759 4045 Dem.‚
774 3977 820 4042 III,
834 3993 860 4044 p.
876 3977 1021 4028 127466.
1041 3975 1073 4028 A.
1089 3975 1119 4028 G.
1135 3976 1252 4043 Becker,
1270 3977 1348 4032 Dem.

192 4071 231 4124 als
259 4069 388 4124 Staatsm.
416 4086 442 4123 u.
467 4068 570 4136 Reda..
593 4069 634 4135 11,
658 4068 710 4120 384
729 4083 750 4118 e.
771 4082 796 4132 q.
817 4081 837 4116 s.
883 4062 1118 4130 Funkhaenelius,
1145 4063 1223 4117 Dsm.
1252 4081 1291 4118 or.
1321 4065 1350 4118 in

190 4156 317 4224 Andron,
336 4154 422 4224 praef.
442 4173 469 4224 p.
488 4156 540 4209 XII
558 4173 580 4209 e.
600 4174 625 4224 q.
644 4172 664 4207 s.
706 4152 862 4218 Disaenius,
881 4150 916 4204 de
934 4167 1003 4218 con,
1020 4168 1049 4219 p.
1072 4152 1121 4204 152
1140 4169 1162 4204 c.
1182 4169 1208 4219 q.
1227 4169 1262 4220 s.‚
1293 4154 1350 4221 185,

193 4247 250 4300 188.
287 4245 442 4313 Sauppeus,
462 4243 540 4298 Dem.
560 4260 599 4297 or.
620 4243 680 4310 sel,
701 4259 729 4311 p.
749 4242 782 4295 55
802 4243 830 4294 et
848 4241 891 4292 70.
926 4237 1020 4307 Dem.‚
1047 4239 1151 4308 grieoh.
1177 4258 1203 4295 u.
1223 4241 1350 4312 deutsch,

319 4638 747 4806 A
