2998 4826
599 387 775 440 ..29-

95 547 162 602 sine
182 547 268 602 dubio
287 563 410 615 monere,
429 546 459 600 id
479 546 556 616 quod
576 547 660 603 etiam
674 546 777 616 potuit,
797 548 910 602 naulum
924 547 1002 602 iussu
1016 545 1156 601 Timothei
1171 546 1276 602 datum

96 669 179 725 esse3
200 670 291 722 neque
310 670 377 708 vero
396 654 519 722 probare
537 655 632 722 potuit
651 669 687 708 ex
700 653 782 708 huius
801 655 949 710 voluntate
967 655 1090 724 pretinm
1109 653 1269 723 phialarum

96 761 275 814 Timostlreni
303 761 426 814 solutum
454 761 571 830 eiusque
600 761 758 816 debitorem
791 760 967 816 Timotheum
998 761 1134 830 seriptum
1162 762 1278 833 esse¹);;

94 867 203 922 etenim
223 866 418 922 adversarium
439 867 614 924 obiecturum
639 868 728 923 luisse
747 867 826 922 vides
846 885 863 922 a
881 884 912 922 se
931 869 1082 923 Pasienem
1102 874 1131 922 ct
1150 869 1269 937 Apollo·

93 975 198 1028 dorum
217 981 350 1043 repetere
369 974 503 1030 debuisse
522 975 634 1044 phialas
652 976 738 1044 ipsas,
761 990 817 1028 non
835 973 957 1043 pretium
977 990 1082 1029 earum.
1114 976 1175 1030 Hoc
1195 975 1270 1030 enim

92 1081 277 1135 Timotheum
295 1082 433 1136 dicturum
447 1080 543 1149 fuisse,
563 1098 616 1136 nee
633 1081 672 1149 id,
691 1081 769 1150 qued
788 1088 883 1136 orator
903 1083 1050 1137 contendit
1068 1083 1173 1152 verbis,
1193 1099 1270 1152 quae

93 1194 215 1242 exstant
233 1187 304 1257 364.
324 1183 404 1240 ’Aild
423 1182 453 1254 νὴ
467 1191 530 1249 Δία,
549 1185 628 1257 «pinet
647 1194 714 1250 lucre,
735 1189 789 1242 ἔδει
805 1183 854 1243 τὸν
871 1192 973 1262 πατέρα
991 1183 1040 1244 τὸν
1059 1184 1127 1261 ἒμόν
1147 1185 1279 1246 ἀπαιτεῖν

93 1291 181 1350 αὐτὸν
199 1291 248 1354 τὰς
265 1291 373 1364 (μάλης,
392 1294 455 1349 lnce
473 1293 576 1348 clarius
595 1295 790 1350 videturesse.
816 1295 918 1350 Verius
937 1295 1049 1348 loeutus
1069 1301 1154 1364 esset,
1173 1296 1197 1350 si
1215 1313 1269 1367 pro

94 1398 181 1457 αὐτόν
200 1402 320 1456 dixisset
340 1397 430 1460 αὐτάς.
456 1402 555 1456 Nonne
570 1401 654 1456 etiam
668 1401 796 1456 hocloco
811 1407 910 1472 aperte
929 1400 1125 1472 sycophantas
1144 1404 1277 1472 vestigia.

95 1508 405 1580 deprelrendunturii)
444 1508 515 1562 Tres
544 1513 638 1562 autem
665 1525 767 1563 causas
796 1525 859 1564 esse
886 1515 982 1564 orator
1005 1509 1081 1577 dicit,
1106 1527 1155 1564 eur
1182 1511 1270 1564 Pasio

93 1618 209 1687 phialas
228 1632 285 1670 non
304 1616 486 1683 repetiverit:
505 1617 634 1684 primam,
653 1616 729 1686 qued
743 1616 919 1671 Timotheum
938 1633 1044 1685 magna
1063 1617 1159 1685 inopia
1177 1617 1267 1685 premi

94 1725 209 1792 viderit,
229 1724 357 1790 alteram,
377 1723 454 1792 quod
472 1740 528 1778 non
546 1722 640 1793 fuerit,
661 1741 710 1779 eur
728 1723 859 1789 debitori,
880 1740 942 1778 eum
968 1724 994 1778 ei
1018 1724 1053 1778 de
1080 1730 1175 1778 cetero
1200 1740 1275 1779 aero·

94 1833 190 1886 alieno
209 1831 295 1886 fidem
315 1831 444 1899 haberet,
470 1831 506 1885 de
528 1831 630 1900 phialis
650 1830 801 1900 diffideret,
826 1832 887 1899 i.e.‚
907 1831 983 1900 quod
1008 1831 1076 1885 nihil
1097 1829 1191 1900 fuerit,
1217 1847 1275 1885 cnr·

91 1957 152 1996 non
181 1939 293 2006 reliqua
320 1937 432 2005 debita,
461 1937 512 1992 sed
539 1937 652 2006 phialas
680 1939 756 1993 solas
784 1943 949 2006 reposceret
971 1939 997 2008 (S
1023 1939 1076 2007 64).
1118 1938 1275 2006 Intellegis

91 2046 191 2102 omnia
211 2045 283 2100 lraeo
297 2044 385 2099 verba
398 2045 510 2099 omnine
524 2061 580 2099 non
593 2051 724 2114 spectare
738 2046 776 2100 ad
789 2062 832 2115 ea,
845 2061 919 2114 quae
933 2045 1101 2119 Timotheus
1111 2045 1265 2099 obiecerat.

187 2169 234 2224 Ad
261 2175 418 2222 extremum
444 2173 540 2222 orator
564 2169 672 2223 iudices
696 2169 796 2233 docet,
825 2187 874 2225 cur
897 2170 1091 2239 Apollodorus
1115 2168 1273 2223 Timotheo

94 2277 308 2334 iusiurandum
329 2292 385 2330 non
405 2276 554 2330 detulerit:
579 2293 642 2331 eum
663 2282 692 2332 et
711 2278 874 2332 civitatibus
894 2284 923 2333 et
941 2278 1100 2333 hominibus
1120 2276 1175 2330 lide
1196 2276 1273 2329 data,

97 2401 187 2453 saepe
207 2390 236 2439 et
253 2384 366 2452 magnis
384 2383 413 2438 in
431 2385 517 2439 rebus
536 2384 682 2453 peierasse
701 2386 744 2454 (SS
763 2385 889 2454 65-61).
925 2386 976 2440 Hie
995 2386 1086 2439 minus
1106 2382 1270 2438 testimonia

97 2492 312 2564 desiderantum
345 2496 598 2546 commemorantur
627 2491 700 2546 enim
727 2507 782 2562 res,
810 2508 883 2561 quae
913 2493 1041 2548 omnibus
1070 2496 1155 2545 notas
1185 2494 1270 2544 erant

93 2596 141 2665 (es.
166 2599 254 2668 366).

185 2707 279 2774 Cave,
311 2722 346 2759 ne
375 2722 419 2762 rme
448 2706 723 2774 argumentationem
750 2705 886 2761 orationis
909 2705 1070 2760 XXXXIX.
1094 2708 1267 2758 tractantem

92 2814 255 2870 contendas
284 2814 401 2869 oblitum
427 2829 490 2868 esse
516 2814 711 2882 argumentis
736 2813 840 2869 tabulis
866 2813 1011 2868 mensariis
1038 2812 1128 2882 petiti.
1166 2813 1269 2880 Neque

94 2923 167 2976 enim
188 2938 311 2990 usquam
330 2921 383 2976 hoe
406 2926 502 2975 orator
527 2921 631 2992 utitnr3
662 2936 718 2975 non
743 2921 921 2990 ignoravisse
947 2920 1058 2976 videtur
1084 2920 1190 2974 tabulis
1211 2919 1282 2989 illis„

94 3027 169 3082 haud
196 3029 314 3082 multum
336 3029 520 3083 tribuendum
541 3045 613 3084 esse.
654 3029 802 3093 Quaeres
828 3029 851 3082 si
874 3028 955 3082 aliter
978 3043 1009 3082 se
1031 3027 1160 3096 haberet,
1188 3031 1268 3081 certe

93 3135 290 3204 Apollodorus
315 3151 365 3188 eas
391 3134 428 3188 ad
451 3135 588 3189 arbitrum
608 3135 764 3204 attulisset,
789 3135 955 3203 priusquam
973 3133 1139 3188 Timotheus
1162 3149 1267 3202 provo-

93 3248 191 3297 casset
211 3248 241 3296 et
261 3242 355 3296 afferri
374 3221 503 3296 iussisset
521 3243 547 3312 (S
560 3242 615 3310 43),
634 3241 712 3310 quod
730 3258 810 3296 reum
828 3240 931 3296 fecisse
945 3240 1106 3295 testimonio
1125 3241 1270 3309 probatur

91 3352 160 3419 (ih).
199 3349 350 3403 Assentior
368 3349 453 3417 plane
479 3349 533 3418 eis,
552 3365 625 3418 quae
645 3348 679 3402 A.
700 3348 851 3417 Philippii)
876 3349 929 3402 ait:
960 3348 1020 3417 [„ln
1045 3364 1163 3402 unserer
1182 3347 1262 3402 Reda

93 3460 142 3525 (se.
164 3457 232 3514 adv.
252 3455 395 3525 Timoth.)]
416 3456 539 3516 wird.-
558 3455 637 3509 nieht
655 3455 743 3510 durch
764 3455 809 3509 die
829 3449 989 3528 γράμματα,
1016 3454 1139 3508 senelern
1161 3453 1270 3508 hocch-

93 3571 174 3619 stens
194 3580 246 3618 aus
267 3563 351 3617 ilmen
371 3564 412 3617 als
432 3564 483 3618 der
503 3563 664 3632 grundlage
685 3562 735 3616 der
754 3562 861 3617 beweis
881 3561 1039 3630 gefuehrt.“

185 3670 373 3725 Considerata
397 3671 485 3740 igitur
506 3657 642 3724 orationis
661 3668 821 3730 xxxxix,
842 3667 1089 3738 argumentatione
1114 3667 1170 3722 ianr
1190 3684 1269 3723 nune

94 3795 216 3847 agamus

184 3959 205 4026 1)
226 3955 268 4011 Cf.
287 3958 323 4011 A.
343 3957 465 4026 Philippi
484 3958 501 4012 l.
520 3957 537 4010 l.
556 3974 584 4026 p.
604 3957 656 4010 619
676 3961 733 4012 not.
755 3957 796 4012 15.

183 4047 207 4114 ²)
228 4044 268 4100 Cf.
289 4046 325 4100 A.
345 4046 466 4115 Philippi
485 4046 502 4099 l.
522 4046 540 4100 l.
559 4063 586 4114 p.
606 4047 666 4101 619.
717 4043 720 4055 ’

183 4135 243 4202 3)1.
264 4135 281 4188 l.
303 4153 331 4204 p.
351 4137 410 4190 615.
