<?xml version="1.0" encoding="UTF-8"?>
<!DOCTYPE html PUBLIC "-//W3C//DTD XHTML 1.0 Transitional//EN"
    "http://www.w3.org/TR/xhtml1/DTD/xhtml1-transitional.dtd">
<html xmlns="http://www.w3.org/1999/xhtml" xml:lang="en" lang="en">
 <head>
  <title>
</title>
<meta http-equiv="Content-Type" content="text/html;charset=utf-8" />
  <meta name='ocr-system' content='tesseract 3.04.00' />
  <meta name='ocr-capabilities' content='ocr_page ocr_carea ocr_par ocr_line ocrx_word'/>
</head>
<body>
  <div class='ocr_page' id='page_1' title='image "./dedemosthenisor00hubogoog_0011.png"; bbox 0 0 2998 4826; ppageno 0'>
   <div class='ocr_carea' id='block_1_1' title="bbox 743 221 761 277">
    <p class='ocr_par' dir='ltr' id='par_1_1' title="bbox 743 221 761 277">
     <span class='ocr_line' id='line_1_1' title="bbox 743 221 761 277; baseline 0 0"><span class='ocrx_word' id='word_1_1' title='bbox 743 221 761 277; x_wconf 87' lang='grc'>2</span> 
     </span>
    </p>
   </div>
   <div class='ocr_carea' id='block_1_2' title="bbox 170 403 1395 1412">
    <p class='ocr_par' dir='ltr' id='par_1_2' title="bbox 170 403 1395 1412">
     <span class='ocr_line' id='line_1_2' title="bbox 174 403 1337 485; baseline 0.008 -22"><span class='ocrx_word' id='word_1_2' title='bbox 174 421 263 482; x_wconf 88' lang='lat' dir='ltr'><strong>quern</strong></span> <span class='ocrx_word' id='word_1_3' title='bbox 284 403 406 484; x_wconf 88' lang='lat' dir='ltr'><strong>Teylori</strong></span> <span class='ocrx_word' id='word_1_4' title='bbox 428 403 529 465; x_wconf 84' lang='lat' dir='ltr'><strong>verba·</strong></span> <span class='ocrx_word' id='word_1_5' title='bbox 543 405 780 465; x_wconf 79' lang='lat' dir='ltr'><strong>commoverent?</strong></span> <span class='ocrx_word' id='word_1_6' title='bbox 796 406 817 485; x_wconf 85' lang='lat'><strong>1)</strong></span> <span class='ocrx_word' id='word_1_7' title='bbox 861 403 960 465; x_wconf 92' lang='lat' dir='ltr'><strong>Multo</strong></span> <span class='ocrx_word' id='word_1_8' title='bbox 982 403 1050 485; x_wconf 90' lang='lat' dir='ltr'><strong>plus</strong></span> <span class='ocrx_word' id='word_1_9' title='bbox 1071 409 1256 470; x_wconf 78' lang='lat' dir='ltr'><strong>auctoritatis</strong></span> <span class='ocrx_word' id='word_1_10' title='bbox 1269 431 1337 472; x_wconf 93' lang='lat' dir='ltr'><strong>eon-</strong></span> 
     </span>
     <span class='ocr_line' id='line_1_3' title="bbox 171 505 1335 586; baseline 0.007 -19"><span class='ocrx_word' id='word_1_11' title='bbox 171 515 290 568; x_wconf 84' lang='lat' dir='ltr'><strong>secutus</strong></span> <span class='ocrx_word' id='word_1_12' title='bbox 325 516 369 568; x_wconf 90' lang='lat' dir='ltr'><strong>est</strong></span> <span class='ocrx_word' id='word_1_13' title='bbox 399 505 618 586; x_wconf 86' lang='lat' dir='ltr'><strong>Broughamius</strong></span> <span class='ocrx_word' id='word_1_14' title='bbox 638 508 669 584; x_wconf 73' lang='lat'><strong>²).</strong></span> <span class='ocrx_word' id='word_1_15' title='bbox 712 507 754 567; x_wconf 89' lang='lat' dir='ltr'><strong>Et</strong></span> <span class='ocrx_word' id='word_1_16' title='bbox 788 506 990 569; x_wconf 88' lang='lat' dir='ltr'><strong>laudaverunt</strong></span> <span class='ocrx_word' id='word_1_17' title='bbox 1016 507 1095 570; x_wconf 87' lang='lat' dir='ltr'><strong>hane</strong></span> <span class='ocrx_word' id='word_1_18' title='bbox 1125 512 1335 575; x_wconf 82' lang='lat' dir='ltr'><strong>Demosthenis</strong></span> 
     </span>
     <span class='ocr_line' id='line_1_4' title="bbox 172 608 1333 694; baseline 0.007 -26"><span class='ocrx_word' id='word_1_19' title='bbox 172 609 342 684; x_wconf 89' lang='lat' dir='ltr'><strong>orationem,</strong></span> <span class='ocrx_word' id='word_1_20' title='bbox 365 618 520 689; x_wconf 87' lang='lat' dir='ltr'><strong>tamquam</strong></span> <span class='ocrx_word' id='word_1_21' title='bbox 535 608 609 669; x_wconf 90' lang='lat' dir='ltr'><strong>nihil</strong></span> <span class='ocrx_word' id='word_1_22' title='bbox 624 630 683 670; x_wconf 89' lang='lat' dir='ltr'><strong>non</strong></span> <span class='ocrx_word' id='word_1_23' title='bbox 699 618 776 671; x_wconf 90' lang='lat' dir='ltr'><strong>esset</strong></span> <span class='ocrx_word' id='word_1_24' title='bbox 797 610 829 670; x_wconf 94' lang='lat' dir='ltr'><strong>in</strong></span> <span class='ocrx_word' id='word_1_25' title='bbox 847 631 883 671; x_wconf 87' lang='lat' dir='ltr'><strong>ea</strong></span> <span class='ocrx_word' id='word_1_26' title='bbox 898 610 1114 686; x_wconf 89' lang='lat' dir='ltr'><strong>admirandum,</strong></span> <span class='ocrx_word' id='word_1_27' title='bbox 1131 613 1287 676; x_wconf 91' lang='lat' dir='ltr'><strong>Dissenius</strong></span> <span class='ocrx_word' id='word_1_28' title='bbox 1300 618 1333 694; x_wconf 65' lang='lat' dir='ltr'><strong>l),</strong></span> 
     </span>
     <span class='ocr_line' id='line_1_5' title="bbox 170 711 1334 792; baseline 0.005 -18"><span class='ocrx_word' id='word_1_29' title='bbox 170 711 425 792; x_wconf 73' lang='lat' dir='ltr'><strong>Winiewskius4),</strong></span> <span class='ocrx_word' id='word_1_30' title='bbox 448 713 486 774; x_wconf 87' lang='lat' dir='ltr'><strong>A.</strong></span> <span class='ocrx_word' id='word_1_31' title='bbox 509 711 651 774; x_wconf 85' lang='lat' dir='ltr'><strong>Schaefer</strong></span> <span class='ocrx_word' id='word_1_32' title='bbox 665 713 695 792; x_wconf 79' lang='grc'><strong>5).</strong></span> <span class='ocrx_word' id='word_1_33' title='bbox 738 711 816 772; x_wconf 87' lang='lat' dir='ltr'><strong>Tum</strong></span> <span class='ocrx_word' id='word_1_34' title='bbox 838 732 907 775; x_wconf 92' lang='lat' dir='ltr'><strong>vero</strong></span> <span class='ocrx_word' id='word_1_35' title='bbox 927 713 1132 775; x_wconf 85' lang='lat' dir='ltr'><strong>Kirchhoflius</strong></span> <span class='ocrx_word' id='word_1_36' title='bbox 1157 719 1334 780; x_wconf 82' lang='lat' dir='ltr'><strong>sententiam</strong></span> 
     </span>
     <span class='ocr_line' id='line_1_6' title="bbox 173 813 1335 900; baseline 0.006 -25"><span class='ocrx_word' id='word_1_37' title='bbox 173 813 212 875; x_wconf 88' lang='lat' dir='ltr'><strong>ab</strong></span> <span class='ocrx_word' id='word_1_38' title='bbox 235 814 389 875; x_wconf 89' lang='lat' dir='ltr'><strong>hominum</strong></span> <span class='ocrx_word' id='word_1_39' title='bbox 410 813 628 895; x_wconf 82' lang='lat' dir='ltr'><strong>philologorum</strong></span> <span class='ocrx_word' id='word_1_40' title='bbox 650 813 843 876; x_wconf 89' lang='lat' dir='ltr'><strong>multitudine</strong></span> <span class='ocrx_word' id='word_1_41' title='bbox 864 815 1012 876; x_wconf 88' lang='lat' dir='ltr'><strong>diversam</strong></span> <span class='ocrx_word' id='word_1_42' title='bbox 1030 819 1184 896; x_wconf 89' lang='lat' dir='ltr'><strong>proposuit</strong></span> <span class='ocrx_word' id='word_1_43' title='bbox 1198 819 1228 900; x_wconf 62' lang='grc'><strong>6),</strong></span> <span class='ocrx_word' id='word_1_44' title='bbox 1251 821 1335 883; x_wconf 89' lang='lat' dir='ltr'><strong>cuius</strong></span> 
     </span>
     <span class='ocr_line' id='line_1_7' title="bbox 172 916 1335 1000; baseline 0.007 -23"><span class='ocrx_word' id='word_1_45' title='bbox 172 935 290 978; x_wconf 88' lang='lat' dir='ltr'><strong>summa</strong></span> <span class='ocrx_word' id='word_1_46' title='bbox 310 917 385 978; x_wconf 92' lang='lat' dir='ltr'><strong>haee</strong></span> <span class='ocrx_word' id='word_1_47' title='bbox 405 926 451 978; x_wconf 92' lang='lat' dir='ltr'><strong>est</strong></span> <span class='ocrx_word' id='word_1_48' title='bbox 466 920 495 997; x_wconf 83' lang='lat'><strong>⁷).</strong></span> <span class='ocrx_word' id='word_1_49' title='bbox 545 916 635 977; x_wconf 87' lang='lat' dir='ltr'><strong>lllarn</strong></span> <span class='ocrx_word' id='word_1_50' title='bbox 664 917 842 991; x_wconf 90' lang='lat' dir='ltr'><strong>orationem,</strong></span> <span class='ocrx_word' id='word_1_51' title='bbox 866 917 964 996; x_wconf 86' lang='lat' dir='ltr'><strong>qualis</strong></span> <span class='ocrx_word' id='word_1_52' title='bbox 985 917 1073 979; x_wconf 91' lang='lat' dir='ltr'><strong>hodie</strong></span> <span class='ocrx_word' id='word_1_53' title='bbox 1095 941 1212 1000; x_wconf 92' lang='lat' dir='ltr'><strong>quoque</strong></span> <span class='ocrx_word' id='word_1_54' title='bbox 1234 932 1335 985; x_wconf 89' lang='lat' dir='ltr'><strong>exstat</strong></span> 
     </span>
     <span class='ocr_line' id='line_1_8' title="bbox 171 1019 1395 1098; baseline 0.007 -19"><span class='ocrx_word' id='word_1_55' title='bbox 171 1019 204 1079; x_wconf 92' lang='lat' dir='ltr'><strong>in</strong></span> <span class='ocrx_word' id='word_1_56' title='bbox 226 1019 393 1095; x_wconf 90' lang='lat' dir='ltr'><strong>codicibus,</strong></span> <span class='ocrx_word' id='word_1_57' title='bbox 427 1041 519 1080; x_wconf 88' lang='lat' dir='ltr'><strong>unam</strong></span> <span class='ocrx_word' id='word_1_58' title='bbox 546 1041 610 1081; x_wconf 93' lang='lat' dir='ltr'><strong>esse</strong></span> <span class='ocrx_word' id='word_1_59' title='bbox 636 1028 728 1098; x_wconf 86' lang='lat' dir='ltr'><strong>negat</strong></span> <span class='ocrx_word' id='word_1_60' title='bbox 744 1021 775 1098; x_wconf 81' lang='grc'><strong>8).</strong></span> <span class='ocrx_word' id='word_1_61' title='bbox 825 1020 881 1081; x_wconf 86' lang='lat' dir='ltr'><strong>Ait</strong></span> <span class='ocrx_word' id='word_1_62' title='bbox 912 1041 978 1080; x_wconf 85' lang='lat' dir='ltr'><strong>eam</strong></span> <span class='ocrx_word' id='word_1_63' title='bbox 1011 1022 1171 1084; x_wconf 90' lang='lat' dir='ltr'><strong>conflatam</strong></span> <span class='ocrx_word' id='word_1_64' title='bbox 1204 1045 1267 1086; x_wconf 86' lang='lat' dir='ltr'><strong>esse</strong></span> <span class='ocrx_word' id='word_1_65' title='bbox 1296 1047 1334 1088; x_wconf 85' lang='lat' dir='ltr'><strong>ex</strong></span> <span class='ocrx_word' id='word_1_66' title='bbox 1393 1048 1395 1050; x_wconf 83' lang='lat'>·</span> 
     </span>
     <span class='ocr_line' id='line_1_9' title="bbox 170 1103 1336 1210; baseline 0.007 -29"><span class='ocrx_word' id='word_1_67' title='bbox 170 1122 288 1183; x_wconf 91' lang='lat' dir='ltr'><strong>duabus</strong></span> <span class='ocrx_word' id='word_1_68' title='bbox 303 1125 332 1202; x_wconf 83' lang='grc'><strong>9).</strong></span> <span class='ocrx_word' id='word_1_69' title='bbox 379 1103 525 1197; x_wconf 86' lang='lat' dir='ltr'><strong>Priorem,</strong></span> <span class='ocrx_word' id='word_1_70' title='bbox 549 1123 634 1184; x_wconf 91' lang='lat' dir='ltr'><strong>cuius</strong></span> <span class='ocrx_word' id='word_1_71' title='bbox 656 1122 827 1202; x_wconf 88' lang='lat' dir='ltr'><strong>exemplum</strong></span> <span class='ocrx_word' id='word_1_72' title='bbox 852 1124 1063 1185; x_wconf 87' lang='lat' dir='ltr'><strong>commentario</strong></span> <span class='ocrx_word' id='word_1_73' title='bbox 1085 1145 1139 1187; x_wconf 91' lang='lat' dir='ltr'><strong>suo</strong></span> <span class='ocrx_word' id='word_1_74' title='bbox 1163 1127 1336 1210; x_wconf 81' lang='lat' dir='ltr'><strong>addidit-1⁰),</strong></span> 
     </span>
     <span class='ocr_line' id='line_1_10' title="bbox 172 1225 1333 1307; baseline 0.007 -21"><span class='ocrx_word' id='word_1_75' title='bbox 172 1234 308 1287; x_wconf 85' lang='lat' dir='ltr'><strong>constare</strong></span> <span class='ocrx_word' id='word_1_76' title='bbox 340 1246 378 1286; x_wconf 88' lang='lat' dir='ltr'><strong>ex</strong></span> <span class='ocrx_word' id='word_1_77' title='bbox 413 1233 447 1302; x_wconf 63' lang='grc' dir='ltr'><strong>ἐξ</strong></span> <span class='ocrx_word' id='word_1_78' title='bbox 477 1231 507 1300; x_wconf 89' lang='grc'><strong>3,</strong></span> <span class='ocrx_word' id='word_1_79' title='bbox 530 1229 562 1300; x_wconf 87' lang='grc'><strong>4,</strong></span> <span class='ocrx_word' id='word_1_80' title='bbox 586 1229 617 1300; x_wconf 87' lang='grc'><strong>8,</strong></span> <span class='ocrx_word' id='word_1_81' title='bbox 640 1233 713 1288; x_wconf 87' lang='lat' dir='ltr'><strong>extr.</strong></span> <span class='ocrx_word' id='word_1_82' title='bbox 737 1229 790 1300; x_wconf 83' lang='lat'><strong>53,</strong></span> <span class='ocrx_word' id='word_1_83' title='bbox 813 1229 862 1300; x_wconf 98' lang='grc'><strong>54,</strong></span> <span class='ocrx_word' id='word_1_84' title='bbox 886 1230 1019 1302; x_wconf 81' lang='grc'><strong>56-72,</strong></span> <span class='ocrx_word' id='word_1_85' title='bbox 1044 1231 1177 1304; x_wconf 84' lang='grc'><strong>79-90,</strong></span> <span class='ocrx_word' id='word_1_86' title='bbox 1201 1225 1333 1307; x_wconf 82' lang='grc'><strong>92-04,</strong></span> 
     </span>
     <span class='ocr_line' id='line_1_11' title="bbox 173 1327 1335 1412; baseline 0.004 -23"><span class='ocrx_word' id='word_1_87' title='bbox 173 1331 352 1403; x_wconf 83' lang='grc'><strong>102-114,</strong></span> <span class='ocrx_word' id='word_1_88' title='bbox 381 1332 613 1412; x_wconf 74' lang='grc'><strong>117-12111),</strong></span> <span class='ocrx_word' id='word_1_89' title='bbox 647 1327 708 1403; x_wconf 90' lang='lat' dir='ltr'><strong>vel,</strong></span> <span class='ocrx_word' id='word_1_90' title='bbox 743 1328 769 1389; x_wconf 91' lang='lat' dir='ltr'><strong>si</strong></span> <span class='ocrx_word' id='word_1_91' title='bbox 796 1329 900 1410; x_wconf 85' lang='lat' dir='ltr'><strong>paucis</strong></span> <span class='ocrx_word' id='word_1_92' title='bbox 922 1330 1052 1391; x_wconf 91' lang='lat' dir='ltr'><strong>numeris</strong></span> <span class='ocrx_word' id='word_1_93' title='bbox 1074 1332 1197 1393; x_wconf 91' lang='lat' dir='ltr'><strong>eandem</strong></span> <span class='ocrx_word' id='word_1_94' title='bbox 1220 1355 1282 1395; x_wconf 91' lang='lat' dir='ltr'><strong>rem</strong></span> <span class='ocrx_word' id='word_1_95' title='bbox 1304 1334 1335 1394; x_wconf 90' lang='lat' dir='ltr'><strong>in</strong></span> 
     </span>
    </p>
   </div>
   <div class='ocr_carea' id='block_1_3' title="bbox 166 1498 1337 4288">
    <p class='ocr_par' dir='ltr' id='par_1_3' title="bbox 166 1498 1337 4288">
     <span class='ocr_line' id='line_1_12' title="bbox 172 1498 1332 1571; baseline 0.003 -17"><span class='ocrx_word' id='word_1_96' title='bbox 172 1501 208 1555; x_wconf 89' lang='lat' dir='ltr'><strong>ad</strong></span> <span class='ocrx_word' id='word_1_97' title='bbox 223 1501 309 1567; x_wconf 85' lang='lat' dir='ltr'><strong>Dem,</strong></span> <span class='ocrx_word' id='word_1_98' title='bbox 329 1502 389 1567; x_wconf 90' lang='grc'><strong>558,</strong></span> <span class='ocrx_word' id='word_1_99' title='bbox 410 1501 442 1553; x_wconf 93' lang='grc'><strong>16</strong></span> <span class='ocrx_word' id='word_1_100' title='bbox 455 1499 487 1553; x_wconf 89' lang='lat' dir='ltr'><strong>R.</strong></span> <span class='ocrx_word' id='word_1_101' title='bbox 523 1499 652 1566; x_wconf 83' lang='lat' dir='ltr'><strong>Respice,</strong></span> <span class='ocrx_word' id='word_1_102' title='bbox 670 1498 716 1566; x_wconf 91' lang='lat' dir='ltr'><strong>sis,</strong></span> <span class='ocrx_word' id='word_1_103' title='bbox 735 1516 776 1566; x_wconf 87' lang='lat' dir='ltr'><strong>ea,</strong></span> <span class='ocrx_word' id='word_1_104' title='bbox 796 1517 866 1568; x_wconf 86' lang='lat' dir='ltr'><strong>quae</strong></span> <span class='ocrx_word' id='word_1_105' title='bbox 879 1502 1008 1568; x_wconf 85' lang='lat' dir='ltr'><strong>exposuit</strong></span> <span class='ocrx_word' id='word_1_106' title='bbox 1021 1501 1217 1571; x_wconf 88' lang='lat' dir='ltr'><strong>Rehdantzius,</strong></span> <span class='ocrx_word' id='word_1_107' title='bbox 1236 1504 1332 1557; x_wconf 88' lang='lat' dir='ltr'><strong>Jahrb.</strong></span> 
     </span>
     <span class='ocr_line' id='line_1_13' title="bbox 169 1586 1333 1659; baseline 0.003 -17"><span class='ocrx_word' id='word_1_108' title='bbox 169 1587 189 1643; x_wconf 82' lang='lat' dir='ltr'><strong>i.</strong></span> <span class='ocrx_word' id='word_1_109' title='bbox 208 1589 241 1642; x_wconf 91' lang='lat' dir='ltr'><strong>cl.</strong></span> <span class='ocrx_word' id='word_1_110' title='bbox 260 1589 319 1649; x_wconf 82' lang='lat' dir='ltr'><strong>Ph,</strong></span> <span class='ocrx_word' id='word_1_111' title='bbox 339 1590 415 1655; x_wconf 89' lang='grc'><strong>1858,</strong></span> <span class='ocrx_word' id='word_1_112' title='bbox 434 1589 476 1654; x_wconf 88' lang='grc'><strong>77,</strong></span> <span class='ocrx_word' id='word_1_113' title='bbox 491 1603 518 1654; x_wconf 88' lang='lat' dir='ltr'><strong>p.</strong></span> <span class='ocrx_word' id='word_1_114' title='bbox 537 1588 597 1640; x_wconf 83' lang='lat'><strong>461.</strong></span> <span class='ocrx_word' id='word_1_115' title='bbox 633 1587 655 1653; x_wconf 94' lang='grc'><strong>1)</strong></span> <span class='ocrx_word' id='word_1_116' title='bbox 674 1586 793 1655; x_wconf 83' lang='lat' dir='ltr'><strong>Fabrie,</strong></span> <span class='ocrx_word' id='word_1_117' title='bbox 812 1588 879 1641; x_wconf 90' lang='lat' dir='ltr'><strong>bibl.</strong></span> <span class='ocrx_word' id='word_1_118' title='bbox 899 1588 955 1656; x_wconf 80' lang='lat' dir='ltr'><strong>Gn,</strong></span> <span class='ocrx_word' id='word_1_119' title='bbox 975 1589 1017 1642; x_wconf 90' lang='lat' dir='ltr'><strong>ed.</strong></span> <span class='ocrx_word' id='word_1_120' title='bbox 1036 1589 1092 1656; x_wconf 89' lang='lat' dir='ltr'><strong>IV.‚</strong></span> <span class='ocrx_word' id='word_1_121' title='bbox 1112 1590 1164 1643; x_wconf 89' lang='lat' dir='ltr'><strong>vol.</strong></span> <span class='ocrx_word' id='word_1_122' title='bbox 1178 1591 1212 1658; x_wconf 93' lang='lat' dir='ltr'><strong>Il,</strong></span> <span class='ocrx_word' id='word_1_123' title='bbox 1231 1608 1260 1659; x_wconf 89' lang='lat' dir='ltr'><strong>p.</strong></span> <span class='ocrx_word' id='word_1_124' title='bbox 1274 1593 1333 1645; x_wconf 82' lang='lat'><strong>834.</strong></span> 
     </span>
     <span class='ocr_line' id='line_1_14' title="bbox 169 1672 1337 1746; baseline -0.002 -14"><span class='ocrx_word' id='word_1_125' title='bbox 169 1675 196 1746; x_wconf 76' lang='lat'><strong>2)</strong></span> <span class='ocrx_word' id='word_1_126' title='bbox 209 1677 267 1731; x_wconf 88' lang='lat' dir='ltr'><strong>The</strong></span> <span class='ocrx_word' id='word_1_127' title='bbox 281 1676 382 1730; x_wconf 84' lang='lat' dir='ltr'><strong>Edinb.</strong></span> <span class='ocrx_word' id='word_1_128' title='bbox 395 1675 515 1740; x_wconf 85' lang='lat' dir='ltr'><strong>Review,</strong></span> <span class='ocrx_word' id='word_1_129' title='bbox 530 1673 605 1740; x_wconf 86' lang='grc'><strong>1821,</strong></span> <span class='ocrx_word' id='word_1_130' title='bbox 620 1672 688 1738; x_wconf 87' lang='lat' dir='ltr'><strong>Oet,</strong></span> <span class='ocrx_word' id='word_1_131' title='bbox 703 1674 756 1727; x_wconf 92' lang='lat' dir='ltr'><strong>vol.</strong></span> <span class='ocrx_word' id='word_1_132' title='bbox 769 1675 893 1742; x_wconf 82' lang='lat' dir='ltr'>XXXVI,</span> <span class='ocrx_word' id='word_1_133' title='bbox 907 1693 936 1743; x_wconf 92' lang='lat' dir='ltr'><strong>p.</strong></span> <span class='ocrx_word' id='word_1_134' title='bbox 951 1677 998 1729; x_wconf 83' lang='lat'><strong>93:</strong></span> <span class='ocrx_word' id='word_1_135' title='bbox 1019 1676 1068 1729; x_wconf 91' lang='lat' dir='ltr'><strong>the</strong></span> <span class='ocrx_word' id='word_1_136' title='bbox 1080 1675 1169 1744; x_wconf 78' lang='lat' dir='ltr'><strong>grand</strong></span> <span class='ocrx_word' id='word_1_137' title='bbox 1183 1678 1291 1730; x_wconf 87' lang='lat' dir='ltr'><strong>oration</strong></span> <span class='ocrx_word' id='word_1_138' title='bbox 1305 1678 1337 1730; x_wconf 90' lang='lat' dir='ltr'><strong>of</strong></span> 
     </span>
     <span class='ocr_line' id='line_1_15' title="bbox 170 1760 1333 1832; baseline 0 -14"><span class='ocrx_word' id='word_1_139' title='bbox 170 1766 221 1832; x_wconf 84' lang='lat' dir='ltr'><strong>all,</strong></span> <span class='ocrx_word' id='word_1_140' title='bbox 240 1765 302 1818; x_wconf 91' lang='lat' dir='ltr'><strong>that</strong></span> <span class='ocrx_word' id='word_1_141' title='bbox 320 1762 364 1816; x_wconf 85' lang='lat' dir='ltr'><strong>for</strong></span> <span class='ocrx_word' id='word_1_142' title='bbox 382 1761 538 1830; x_wconf 86' lang='lat' dir='ltr'><strong>Ctesiphon.</strong></span> <span class='ocrx_word' id='word_1_143' title='bbox 576 1760 615 1814; x_wconf 79' lang='lat' dir='ltr'><strong>Of.</strong></span> <span class='ocrx_word' id='word_1_144' title='bbox 635 1761 684 1815; x_wconf 89' lang='lat' dir='ltr'><strong>the</strong></span> <span class='ocrx_word' id='word_1_145' title='bbox 702 1762 754 1815; x_wconf 86' lang='lat' dir='ltr'><strong>Ed.</strong></span> <span class='ocrx_word' id='word_1_146' title='bbox 773 1762 849 1829; x_wconf 75' lang='lat' dir='ltr'><strong>Rev,</strong></span> <span class='ocrx_word' id='word_1_147' title='bbox 871 1764 946 1827; x_wconf 82' lang='lat'><strong>1822,</strong></span> <span class='ocrx_word' id='word_1_148' title='bbox 965 1761 1062 1827; x_wconf 74' lang='lat' dir='ltr'><strong>Febr,</strong></span> <span class='ocrx_word' id='word_1_149' title='bbox 1082 1763 1206 1829; x_wconf 91' lang='lat' dir='ltr'>XXXVI,</span> <span class='ocrx_word' id='word_1_150' title='bbox 1226 1765 1285 1829; x_wconf 85' lang='grc'><strong>503,</strong></span> <span class='ocrx_word' id='word_1_151' title='bbox 1305 1769 1333 1818; x_wconf 88' lang='lat' dir='ltr'><strong>et</strong></span> 
     </span>
     <span class='ocr_line' id='line_1_16' title="bbox 170 1847 1333 1920; baseline 0 -15"><span class='ocrx_word' id='word_1_152' title='bbox 170 1852 266 1920; x_wconf 80' lang='lat' dir='ltr'><strong>Blass,</strong></span> <span class='ocrx_word' id='word_1_153' title='bbox 285 1852 333 1912; x_wconf 90' lang='lat' dir='ltr'><strong>Ill,</strong></span> <span class='ocrx_word' id='word_1_154' title='bbox 354 1855 377 1918; x_wconf 95' lang='lat'><strong>1,</strong></span> <span class='ocrx_word' id='word_1_155' title='bbox 396 1851 455 1903; x_wconf 83' lang='lat'><strong>379.</strong></span> <span class='ocrx_word' id='word_1_156' title='bbox 492 1849 519 1915; x_wconf 83' lang='lat'><strong>3)</strong></span> <span class='ocrx_word' id='word_1_157' title='bbox 538 1847 616 1901; x_wconf 88' lang='lat' dir='ltr'><strong>Dem.</strong></span> <span class='ocrx_word' id='word_1_158' title='bbox 636 1866 675 1903; x_wconf 88' lang='lat' dir='ltr'><strong>or.</strong></span> <span class='ocrx_word' id='word_1_159' title='bbox 696 1849 730 1902; x_wconf 93' lang='lat' dir='ltr'><strong>de</strong></span> <span class='ocrx_word' id='word_1_160' title='bbox 749 1865 819 1914; x_wconf 83' lang='lat' dir='ltr'><strong>con,</strong></span> <span class='ocrx_word' id='word_1_161' title='bbox 838 1867 864 1918; x_wconf 91' lang='lat' dir='ltr'><strong>p.</strong></span> <span class='ocrx_word' id='word_1_162' title='bbox 886 1851 935 1902; x_wconf 95' lang='grc'><strong>137</strong></span> <span class='ocrx_word' id='word_1_163' title='bbox 955 1854 983 1902; x_wconf 86' lang='lat' dir='ltr'><strong>et</strong></span> <span class='ocrx_word' id='word_1_164' title='bbox 1000 1849 1060 1904; x_wconf 83' lang='lat'><strong>454.</strong></span> <span class='ocrx_word' id='word_1_165' title='bbox 1097 1851 1126 1914; x_wconf 92' lang='grc'><strong>4)</strong></span> <span class='ocrx_word' id='word_1_166' title='bbox 1146 1849 1248 1903; x_wconf 82' lang='lat' dir='ltr'><strong>Comm.</strong></span> <span class='ocrx_word' id='word_1_167' title='bbox 1267 1851 1333 1905; x_wconf 89' lang='lat' dir='ltr'><strong>hist.</strong></span> 
     </span>
     <span class='ocr_line' id='line_1_17' title="bbox 171 1936 1332 2006; baseline -0.003 -12"><span class='ocrx_word' id='word_1_168' title='bbox 171 1944 200 1994; x_wconf 88' lang='lat' dir='ltr'><strong>et</strong></span> <span class='ocrx_word' id='word_1_169' title='bbox 219 1940 324 2006; x_wconf 83' lang='lat' dir='ltr'><strong>chron,</strong></span> <span class='ocrx_word' id='word_1_170' title='bbox 344 1955 371 2006; x_wconf 91' lang='lat' dir='ltr'><strong>p.</strong></span> <span class='ocrx_word' id='word_1_171' title='bbox 390 1940 414 1990; x_wconf 83' lang='lat'><strong>3.</strong></span> <span class='ocrx_word' id='word_1_172' title='bbox 486 1937 514 2005; x_wconf 83' lang='grc'><strong>5)</strong></span> <span class='ocrx_word' id='word_1_173' title='bbox 539 1937 592 2004; x_wconf 89' lang='grc' dir='ltr'><strong>ΙΙΙ,</strong></span> <span class='ocrx_word' id='word_1_174' title='bbox 613 1936 643 2004; x_wconf 95' lang='grc'><strong>1,</strong></span> <span class='ocrx_word' id='word_1_175' title='bbox 663 1937 713 1990; x_wconf 86' lang='grc'><strong>261</strong></span> <span class='ocrx_word' id='word_1_176' title='bbox 734 1955 757 1991; x_wconf 90' lang='lat' dir='ltr'><strong>e.</strong></span> <span class='ocrx_word' id='word_1_177' title='bbox 777 1955 802 2004; x_wconf 89' lang='lat' dir='ltr'><strong>q.</strong></span> <span class='ocrx_word' id='word_1_178' title='bbox 822 1955 842 1990; x_wconf 91' lang='lat' dir='ltr'><strong>s.</strong></span> <span class='ocrx_word' id='word_1_179' title='bbox 879 1938 979 1991; x_wconf 85' lang='lat' dir='ltr'><strong>Similis</strong></span> <span class='ocrx_word' id='word_1_180' title='bbox 1008 1941 1049 1990; x_wconf 89' lang='lat' dir='ltr'><strong>est</strong></span> <span class='ocrx_word' id='word_1_181' title='bbox 1069 1937 1207 1990; x_wconf 86' lang='lat' dir='ltr'><strong>sententia</strong></span> <span class='ocrx_word' id='word_1_182' title='bbox 1225 1937 1332 1991; x_wconf 88' lang='lat' dir='ltr'><strong>Rankei</strong></span> 
     </span>
     <span class='ocr_line' id='line_1_18' title="bbox 171 2024 1333 2095; baseline 0.001 -15"><span class='ocrx_word' id='word_1_183' title='bbox 171 2026 294 2095; x_wconf 84' lang='lat' dir='ltr'><strong>(Encycl.</strong></span> <span class='ocrx_word' id='word_1_184' title='bbox 313 2043 368 2080; x_wconf 90' lang='lat' dir='ltr'><strong>von</strong></span> <span class='ocrx_word' id='word_1_185' title='bbox 388 2025 478 2079; x_wconf 86' lang='lat' dir='ltr'><strong>Ersch</strong></span> <span class='ocrx_word' id='word_1_186' title='bbox 507 2042 534 2080; x_wconf 91' lang='lat' dir='ltr'><strong>u.</strong></span> <span class='ocrx_word' id='word_1_187' title='bbox 556 2024 673 2092; x_wconf 84' lang='lat' dir='ltr'><strong>Gruber,</strong></span> <span class='ocrx_word' id='word_1_188' title='bbox 693 2042 714 2079; x_wconf 90' lang='lat' dir='ltr'><strong>s.</strong></span> <span class='ocrx_word' id='word_1_189' title='bbox 733 2043 759 2078; x_wconf 88' lang='lat' dir='ltr'><strong>v.</strong></span> <span class='ocrx_word' id='word_1_190' title='bbox 778 2025 987 2092; x_wconf 85' lang='lat' dir='ltr'><strong>Demosthenes,</strong></span> <span class='ocrx_word' id='word_1_191' title='bbox 1006 2025 1027 2091; x_wconf 94' lang='grc' dir='ltr'><strong>Ι,</strong></span> <span class='ocrx_word' id='word_1_192' title='bbox 1047 2027 1092 2088; x_wconf 87' lang='grc'><strong>24,</strong></span> <span class='ocrx_word' id='word_1_193' title='bbox 1109 2041 1137 2093; x_wconf 93' lang='lat' dir='ltr'><strong>p.</strong></span> <span class='ocrx_word' id='word_1_194' title='bbox 1158 2027 1221 2093; x_wconf 85' lang='lat'><strong>105,</strong></span> <span class='ocrx_word' id='word_1_195' title='bbox 1240 2025 1333 2094; x_wconf 86' lang='lat' dir='ltr'><strong>Leipz.</strong></span> 
     </span>
     <span class='ocr_line' id='line_1_19' title="bbox 172 2112 1331 2184; baseline 0.001 -16"><span class='ocrx_word' id='word_1_196' title='bbox 172 2117 249 2184; x_wconf 89' lang='grc'><strong>1833)</strong></span> <span class='ocrx_word' id='word_1_197' title='bbox 265 2119 293 2168; x_wconf 92' lang='lat' dir='ltr'><strong>et</strong></span> <span class='ocrx_word' id='word_1_198' title='bbox 313 2113 432 2168; x_wconf 86' lang='lat' dir='ltr'><strong>Gilberti</strong></span> <span class='ocrx_word' id='word_1_199' title='bbox 455 2113 511 2182; x_wconf 74' lang='lat' dir='ltr'><strong>(die</strong></span> <span class='ocrx_word' id='word_1_200' title='bbox 529 2112 607 2166; x_wconf 78' lang='lat' dir='ltr'><strong>Rode</strong></span> <span class='ocrx_word' id='word_1_201' title='bbox 627 2112 674 2165; x_wconf 91' lang='lat' dir='ltr'><strong>des</strong></span> <span class='ocrx_word' id='word_1_202' title='bbox 694 2112 771 2165; x_wconf 92' lang='lat' dir='ltr'><strong>Dem.</strong></span> <span class='ocrx_word' id='word_1_203' title='bbox 797 2114 860 2182; x_wconf 81' lang='grc' dir='ltr'><strong>περὶ</strong></span> <span class='ocrx_word' id='word_1_204' title='bbox 878 2115 1113 2181; x_wconf 76' lang='grc' dir='ltr'><strong>παραπρεσβείας,</strong></span> <span class='ocrx_word' id='word_1_205' title='bbox 1141 2113 1236 2167; x_wconf 88' lang='lat' dir='ltr'><strong>Berlin</strong></span> <span class='ocrx_word' id='word_1_206' title='bbox 1257 2117 1331 2182; x_wconf 82' lang='lat'><strong>1873,</strong></span> 
     </span>
     <span class='ocr_line' id='line_1_20' title="bbox 169 2199 1332 2272; baseline 0 -17"><span class='ocrx_word' id='word_1_207' title='bbox 169 2219 197 2272; x_wconf 89' lang='lat' dir='ltr'><strong>p.</strong></span> <span class='ocrx_word' id='word_1_208' title='bbox 213 2203 247 2271; x_wconf 93' lang='lat'><strong>1·).</strong></span> <span class='ocrx_word' id='word_1_209' title='bbox 283 2201 378 2254; x_wconf 83' lang='lat' dir='ltr'><strong>Etiam</strong></span> <span class='ocrx_word' id='word_1_210' title='bbox 396 2201 558 2268; x_wconf 84' lang='lat' dir='ltr'><strong>Spengelius</strong></span> <span class='ocrx_word' id='word_1_211' title='bbox 577 2200 664 2264; x_wconf 80' lang='lat' dir='ltr'><strong>(Dem.</strong></span> <span class='ocrx_word' id='word_1_212' title='bbox 684 2199 827 2253; x_wconf 86' lang='lat' dir='ltr'><strong>Vertheid.</strong></span> <span class='ocrx_word' id='word_1_213' title='bbox 847 2199 873 2254; x_wconf 93' lang='lat' dir='ltr'><strong>d.</strong></span> <span class='ocrx_word' id='word_1_214' title='bbox 892 2199 947 2266; x_wconf 84' lang='lat' dir='ltr'><strong>Kt,</strong></span> <span class='ocrx_word' id='word_1_215' title='bbox 966 2201 995 2252; x_wconf 92' lang='lat' dir='ltr'><strong>in</strong></span> <span class='ocrx_word' id='word_1_216' title='bbox 1013 2199 1086 2253; x_wconf 86' lang='lat' dir='ltr'><strong>Abh.</strong></span> <span class='ocrx_word' id='word_1_217' title='bbox 1105 2199 1131 2252; x_wconf 92' lang='lat' dir='ltr'><strong>d.</strong></span> <span class='ocrx_word' id='word_1_218' title='bbox 1150 2200 1249 2269; x_wconf 86' lang='lat' dir='ltr'><strong>Bayer.</strong></span> <span class='ocrx_word' id='word_1_219' title='bbox 1270 2203 1332 2270; x_wconf 73' lang='grc' dir='ltr'><strong>ΑΙ,</strong></span> 
     </span>
     <span class='ocr_line' id='line_1_21' title="bbox 170 2274 1331 2360; baseline -0.002 -16"><span class='ocrx_word' id='word_1_220' title='bbox 170 2290 237 2360; x_wconf 89' lang='lat' dir='ltr'><strong>phil.</strong></span> <span class='ocrx_word' id='word_1_221' title='bbox 253 2289 302 2358; x_wconf 82' lang='lat' dir='ltr'><strong>et,</strong></span> <span class='ocrx_word' id='word_1_222' title='bbox 323 2287 402 2342; x_wconf 88' lang='lat' dir='ltr'><strong>Band</strong></span> <span class='ocrx_word' id='word_1_223' title='bbox 417 2289 450 2354; x_wconf 93' lang='lat' dir='ltr'><strong>X,</strong></span> <span class='ocrx_word' id='word_1_224' title='bbox 472 2290 549 2357; x_wconf 88' lang='grc'><strong>1866)</strong></span> <span class='ocrx_word' id='word_1_225' title='bbox 569 2287 639 2341; x_wconf 86' lang='lat' dir='ltr'><strong>dixit</strong></span> <span class='ocrx_word' id='word_1_226' title='bbox 658 2274 733 2340; x_wconf 87' lang='lat' dir='ltr'><strong>illam</strong></span> <span class='ocrx_word' id='word_1_227' title='bbox 753 2288 907 2340; x_wconf 88' lang='lat' dir='ltr'><strong>orationem</strong></span> <span class='ocrx_word' id='word_1_228' title='bbox 927 2305 986 2341; x_wconf 88' lang='lat' dir='ltr'><strong>esse</strong></span> <span class='ocrx_word' id='word_1_229' title='bbox 1005 2287 1068 2356; x_wconf 91' lang='lat' dir='ltr'><strong>„die</strong></span> <span class='ocrx_word' id='word_1_230' title='bbox 1082 2287 1192 2342; x_wconf 86' lang='lat' dir='ltr'><strong>Krone“</strong></span> <span class='ocrx_word' id='word_1_231' title='bbox 1211 2290 1331 2342; x_wconf 91' lang='lat' dir='ltr'><strong>omnium</strong></span> 
     </span>
     <span class='ocr_line' id='line_1_22' title="bbox 170 2374 1332 2446; baseline -0.002 -14"><span class='ocrx_word' id='word_1_232' title='bbox 170 2395 210 2432; x_wconf 87' lang='lat' dir='ltr'><strong>or.</strong></span> <span class='ocrx_word' id='word_1_233' title='bbox 228 2378 307 2431; x_wconf 91' lang='lat' dir='ltr'><strong>Dem.</strong></span> <span class='ocrx_word' id='word_1_234' title='bbox 327 2379 364 2446; x_wconf 83' lang='lat' dir='ltr'><strong>(p.</strong></span> <span class='ocrx_word' id='word_1_235' title='bbox 383 2378 427 2444; x_wconf 88' lang='grc'><strong>29)</strong></span> <span class='ocrx_word' id='word_1_236' title='bbox 446 2380 474 2429; x_wconf 93' lang='lat' dir='ltr'><strong>et</strong></span> <span class='ocrx_word' id='word_1_237' title='bbox 495 2375 671 2444; x_wconf 90' lang='lat' dir='ltr'><strong>„vollendet“</strong></span> <span class='ocrx_word' id='word_1_238' title='bbox 691 2377 727 2444; x_wconf 79' lang='lat' dir='ltr'><strong>(p.</strong></span> <span class='ocrx_word' id='word_1_239' title='bbox 747 2376 790 2442; x_wconf 91' lang='grc'><strong>30)</strong></span> <span class='ocrx_word' id='word_1_240' title='bbox 816 2378 844 2428; x_wconf 88' lang='lat' dir='ltr'><strong>et</strong></span> <span class='ocrx_word' id='word_1_241' title='bbox 862 2376 986 2444; x_wconf 86' lang='lat' dir='ltr'><strong>legentes</strong></span> <span class='ocrx_word' id='word_1_242' title='bbox 1012 2392 1070 2428; x_wconf 90' lang='lat' dir='ltr'><strong>esse</strong></span> <span class='ocrx_word' id='word_1_243' title='bbox 1094 2374 1162 2442; x_wconf 89' lang='lat' dir='ltr'><strong>„der</strong></span> <span class='ocrx_word' id='word_1_244' title='bbox 1180 2377 1332 2430; x_wconf 89' lang='lat' dir='ltr'><strong>Bewunde·</strong></span> 
     </span>
     <span class='ocr_line' id='line_1_23' title="bbox 170 2462 1332 2534; baseline 0 -16"><span class='ocrx_word' id='word_1_245' title='bbox 170 2482 243 2534; x_wconf 85' lang='lat' dir='ltr'><strong>rung</strong></span> <span class='ocrx_word' id='word_1_246' title='bbox 260 2464 334 2519; x_wconf 90' lang='lat' dir='ltr'><strong>voll“</strong></span> <span class='ocrx_word' id='word_1_247' title='bbox 360 2466 397 2531; x_wconf 77' lang='lat' dir='ltr'><strong>lp.</strong></span> <span class='ocrx_word' id='word_1_248' title='bbox 417 2465 465 2531; x_wconf 89' lang='grc'><strong>30,</strong></span> <span class='ocrx_word' id='word_1_249' title='bbox 492 2463 526 2516; x_wconf 90' lang='lat' dir='ltr'><strong>cf.</strong></span> <span class='ocrx_word' id='word_1_250' title='bbox 552 2465 635 2516; x_wconf 91' lang='lat' dir='ltr'><strong>etiam</strong></span> <span class='ocrx_word' id='word_1_251' title='bbox 660 2480 687 2530; x_wconf 93' lang='lat' dir='ltr'><strong>p.</strong></span> <span class='ocrx_word' id='word_1_252' title='bbox 707 2462 759 2530; x_wconf 66' lang='grc'><strong>94),</strong></span> <span class='ocrx_word' id='word_1_253' title='bbox 797 2463 939 2528; x_wconf 82' lang='lat' dir='ltr'><strong>Ceterum,</strong></span> <span class='ocrx_word' id='word_1_254' title='bbox 969 2465 1098 2532; x_wconf 88' lang='lat' dir='ltr'><strong>quoniam</strong></span> <span class='ocrx_word' id='word_1_255' title='bbox 1124 2464 1227 2534; x_wconf 85' lang='lat' dir='ltr'><strong>Speng.</strong></span> <span class='ocrx_word' id='word_1_256' title='bbox 1244 2483 1270 2534; x_wconf 90' lang='lat' dir='ltr'><strong>p.</strong></span> <span class='ocrx_word' id='word_1_257' title='bbox 1290 2467 1332 2533; x_wconf 85' lang='lat'><strong>30,</strong></span> 
     </span>
     <span class='ocr_line' id='line_1_24' title="bbox 169 2550 1333 2620; baseline -0.001 -13"><span class='ocrx_word' id='word_1_258' title='bbox 169 2553 252 2607; x_wconf 79' lang='lat' dir='ltr'><strong>Anm.</strong></span> <span class='ocrx_word' id='word_1_259' title='bbox 271 2553 382 2620; x_wconf 89' lang='lat' dir='ltr'><strong>putavit</strong></span> <span class='ocrx_word' id='word_1_260' title='bbox 394 2550 541 2604; x_wconf 82' lang='lat' dir='ltr'><strong>Reislreum</strong></span> <span class='ocrx_word' id='word_1_261' title='bbox 560 2551 749 2605; x_wconf 87' lang='lat' dir='ltr'><strong>inimicissimo</strong></span> <span class='ocrx_word' id='word_1_262' title='bbox 767 2550 796 2602; x_wconf 90' lang='lat' dir='ltr'><strong>in</strong></span> <span class='ocrx_word' id='word_1_263' title='bbox 807 2550 1024 2605; x_wconf 88' lang='lat' dir='ltr'><strong>Demosthenem</strong></span> <span class='ocrx_word' id='word_1_264' title='bbox 1044 2551 1135 2605; x_wconf 88' lang='lat' dir='ltr'><strong>animo</strong></span> <span class='ocrx_word' id='word_1_265' title='bbox 1149 2552 1232 2606; x_wconf 86' lang='lat' dir='ltr'><strong>fuisse</strong></span> <span class='ocrx_word' id='word_1_266' title='bbox 1251 2552 1333 2620; x_wconf 90' lang='lat' dir='ltr'><strong>(idem</strong></span> 
     </span>
     <span class='ocr_line' id='line_1_25' title="bbox 168 2638 1334 2708; baseline -0.002 -12"><span class='ocrx_word' id='word_1_267' title='bbox 168 2640 252 2696; x_wconf 87' lang='lat' dir='ltr'><strong>hodie</strong></span> <span class='ocrx_word' id='word_1_268' title='bbox 271 2655 382 2708; x_wconf 89' lang='lat' dir='ltr'><strong>quoque</strong></span> <span class='ocrx_word' id='word_1_269' title='bbox 402 2639 449 2691; x_wconf 87' lang='lat' dir='ltr'><strong>alii</strong></span> <span class='ocrx_word' id='word_1_270' title='bbox 469 2638 560 2694; x_wconf 88' lang='lat' dir='ltr'><strong>dicere</strong></span> <span class='ocrx_word' id='word_1_271' title='bbox 575 2639 683 2707; x_wconf 82' lang='lat' dir='ltr'><strong>solent),</strong></span> <span class='ocrx_word' id='word_1_272' title='bbox 703 2639 787 2692; x_wconf 87' lang='lat' dir='ltr'><strong>liceat</strong></span> <span class='ocrx_word' id='word_1_273' title='bbox 804 2639 873 2692; x_wconf 89' lang='lat' dir='ltr'><strong>mihi</strong></span> <span class='ocrx_word' id='word_1_274' title='bbox 891 2639 936 2694; x_wconf 89' lang='lat' dir='ltr'><strong>hic</strong></span> <span class='ocrx_word' id='word_1_275' title='bbox 957 2657 1046 2708; x_wconf 87' lang='lat' dir='ltr'><strong>pauca</strong></span> <span class='ocrx_word' id='word_1_276' title='bbox 1059 2638 1159 2692; x_wconf 84' lang='lat' dir='ltr'><strong>afferre</strong></span> <span class='ocrx_word' id='word_1_277' title='bbox 1178 2656 1211 2692; x_wconf 86' lang='lat' dir='ltr'><strong>ex</strong></span> <span class='ocrx_word' id='word_1_278' title='bbox 1222 2639 1334 2694; x_wconf 85' lang='lat' dir='ltr'><strong>Reislrei</strong></span> 
     </span>
     <span class='ocr_line' id='line_1_26' title="bbox 169 2726 1331 2796; baseline -0.001 -14"><span class='ocrx_word' id='word_1_279' title='bbox 169 2729 256 2782; x_wconf 88' lang='lat' dir='ltr'><strong>literis</strong></span> <span class='ocrx_word' id='word_1_280' title='bbox 270 2730 404 2794; x_wconf 86' lang='lat' dir='ltr'><strong>excerpto</strong></span> <span class='ocrx_word' id='word_1_281' title='bbox 423 2727 467 2793; x_wconf 88' lang='lat' dir='ltr'><strong>(cf.</strong></span> <span class='ocrx_word' id='word_1_282' title='bbox 484 2727 647 2794; x_wconf 91' lang='lat' dir='ltr'><strong>Harlesium‚</strong></span> <span class='ocrx_word' id='word_1_283' title='bbox 659 2726 736 2780; x_wconf 90' lang='lat' dir='ltr'><strong>Dem.</strong></span> <span class='ocrx_word' id='word_1_284' title='bbox 756 2743 796 2780; x_wconf 89' lang='lat' dir='ltr'><strong>or.</strong></span> <span class='ocrx_word' id='word_1_285' title='bbox 815 2727 849 2780; x_wconf 89' lang='lat' dir='ltr'><strong>de</strong></span> <span class='ocrx_word' id='word_1_286' title='bbox 863 2744 930 2796; x_wconf 76' lang='lat' dir='ltr'><strong>cor,</strong></span> <span class='ocrx_word' id='word_1_287' title='bbox 950 2727 1108 2795; x_wconf 84' lang='lat' dir='ltr'><strong>Altenburg</strong></span> <span class='ocrx_word' id='word_1_288' title='bbox 1122 2727 1197 2792; x_wconf 88' lang='grc'><strong>1769,</strong></span> <span class='ocrx_word' id='word_1_289' title='bbox 1216 2743 1243 2795; x_wconf 93' lang='lat' dir='ltr'><strong>p.</strong></span> <span class='ocrx_word' id='word_1_290' title='bbox 1257 2729 1331 2796; x_wconf 83' lang='lat'><strong>612):</strong></span> 
     </span>
     <span class='ocr_line' id='line_1_27' title="bbox 169 2813 1332 2892; baseline -0.001 -23"><span class='ocrx_word' id='word_1_291' title='bbox 169 2815 285 2885; x_wconf 67' lang='lat' dir='ltr'><strong>„Pudet</strong></span> <span class='ocrx_word' id='word_1_292' title='bbox 305 2814 379 2883; x_wconf 91' lang='lat' dir='ltr'><strong>quod</strong></span> <span class='ocrx_word' id='word_1_293' title='bbox 399 2831 510 2867; x_wconf 89' lang='lat' dir='ltr'><strong>necesse</strong></span> <span class='ocrx_word' id='word_1_294' title='bbox 529 2818 579 2892; x_wconf 83' lang='lat' dir='ltr'><strong>est,</strong></span> <span class='ocrx_word' id='word_1_295' title='bbox 599 2813 690 2880; x_wconf 87' lang='lat' dir='ltr'><strong>fateri,</strong></span> <span class='ocrx_word' id='word_1_296' title='bbox 710 2832 754 2867; x_wconf 91' lang='lat' dir='ltr'><strong>me</strong></span> <span class='ocrx_word' id='word_1_297' title='bbox 767 2815 882 2882; x_wconf 87' lang='lat' dir='ltr'><strong>nescire,</strong></span> <span class='ocrx_word' id='word_1_298' title='bbox 902 2815 949 2868; x_wconf 90' lang='lat' dir='ltr'><strong>vbi</strong></span> <span class='ocrx_word' id='word_1_299' title='bbox 962 2831 1039 2867; x_wconf 90' lang='lat' dir='ltr'><strong>meus</strong></span> <span class='ocrx_word' id='word_1_300' title='bbox 1058 2813 1142 2866; x_wconf 91' lang='lat' dir='ltr'><strong>fuerit</strong></span> <span class='ocrx_word' id='word_1_301' title='bbox 1155 2814 1220 2867; x_wconf 90' lang='lat' dir='ltr'><strong>viris</strong></span> <span class='ocrx_word' id='word_1_302' title='bbox 1233 2814 1332 2883; x_wconf 90' lang='lat' dir='ltr'><strong>doctis,</strong></span> 
     </span>
     <span class='ocr_line' id='line_1_28' title="bbox 169 2901 1333 2972; baseline 0 -16"><span class='ocrx_word' id='word_1_303' title='bbox 169 2903 216 2972; x_wconf 91' lang='lat' dir='ltr'><strong>qui</strong></span> <span class='ocrx_word' id='word_1_304' title='bbox 235 2920 296 2956; x_wconf 91' lang='lat' dir='ltr'><strong>cum</strong></span> <span class='ocrx_word' id='word_1_305' title='bbox 315 2903 345 2955; x_wconf 91' lang='lat' dir='ltr'><strong>in</strong></span> <span class='ocrx_word' id='word_1_306' title='bbox 362 2902 513 2970; x_wconf 88' lang='lat' dir='ltr'><strong>poetastris</strong></span> <span class='ocrx_word' id='word_1_307' title='bbox 533 2901 697 2968; x_wconf 88' lang='lat' dir='ltr'><strong>quibusdam</strong></span> <span class='ocrx_word' id='word_1_308' title='bbox 719 2903 921 2970; x_wconf 85' lang='lat' dir='ltr'><strong>suppositioiis,</strong></span> <span class='ocrx_word' id='word_1_309' title='bbox 940 2903 969 2954; x_wconf 92' lang='lat' dir='ltr'><strong>in</strong></span> <span class='ocrx_word' id='word_1_310' title='bbox 989 2901 1100 2954; x_wconf 87' lang='lat' dir='ltr'><strong>eroticis</strong></span> <span class='ocrx_word' id='word_1_311' title='bbox 1120 2901 1235 2968; x_wconf 87' lang='lat' dir='ltr'><strong>aliisque</strong></span> <span class='ocrx_word' id='word_1_312' title='bbox 1252 2903 1333 2972; x_wconf 86' lang='lat' dir='ltr'><strong>nugis</strong></span> 
     </span>
     <span class='ocr_line' id='line_1_29' title="bbox 169 2989 1332 3059; baseline -0.001 -15"><span class='ocrx_word' id='word_1_313' title='bbox 169 2989 365 3059; x_wconf 87' lang='lat' dir='ltr'><strong>expromendis</strong></span> <span class='ocrx_word' id='word_1_314' title='bbox 386 2992 414 3041; x_wconf 90' lang='lat' dir='ltr'><strong>et</strong></span> <span class='ocrx_word' id='word_1_315' title='bbox 434 2989 631 3042; x_wconf 86' lang='lat' dir='ltr'><strong>concinnandis</strong></span> <span class='ocrx_word' id='word_1_316' title='bbox 651 2994 890 3054; x_wconf 87' lang='lat' dir='ltr'><strong>consenescerent,</strong></span> <span class='ocrx_word' id='word_1_317' title='bbox 909 2993 969 3042; x_wconf 89' lang='lat' dir='ltr'><strong>tum</strong></span> <span class='ocrx_word' id='word_1_318' title='bbox 987 2989 1111 3042; x_wconf 88' lang='lat' dir='ltr'><strong>tenebris</strong></span> <span class='ocrx_word' id='word_1_319' title='bbox 1131 2989 1241 3056; x_wconf 89' lang='lat' dir='ltr'><strong>situque</strong></span> <span class='ocrx_word' id='word_1_320' title='bbox 1259 3007 1332 3044; x_wconf 94' lang='lat' dir='ltr'><strong>com·</strong></span> 
     </span>
     <span class='ocr_line' id='line_1_30' title="bbox 169 3075 1333 3148; baseline 0 -17"><span class='ocrx_word' id='word_1_321' title='bbox 169 3082 331 3148; x_wconf 86' lang='lat' dir='ltr'><strong>putrescere</strong></span> <span class='ocrx_word' id='word_1_322' title='bbox 349 3080 512 3145; x_wconf 87' lang='lat' dir='ltr'><strong>paterentur</strong></span> <span class='ocrx_word' id='word_1_323' title='bbox 532 3081 671 3130; x_wconf 85' lang='lat' dir='ltr'><strong>auctorem</strong></span> <span class='ocrx_word' id='word_1_324' title='bbox 691 3078 879 3146; x_wconf 87' lang='lat' dir='ltr'><strong>primarium“,</strong></span> <span class='ocrx_word' id='word_1_325' title='bbox 897 3107 924 3114; x_wconf 86' lang='lat'>—</span> <span class='ocrx_word' id='word_1_326' title='bbox 941 3092 1030 3129; x_wconf 88' lang='lat' dir='ltr'><strong>sermo</strong></span> <span class='ocrx_word' id='word_1_327' title='bbox 1046 3080 1087 3129; x_wconf 90' lang='lat' dir='ltr'><strong>est</strong></span> <span class='ocrx_word' id='word_1_328' title='bbox 1101 3075 1135 3128; x_wconf 92' lang='lat' dir='ltr'><strong>de</strong></span> <span class='ocrx_word' id='word_1_329' title='bbox 1149 3076 1333 3131; x_wconf 87' lang='lat' dir='ltr'><strong>Demosthene</strong></span> 
     </span>
     <span class='ocr_line' id='line_1_31' title="bbox 171 3163 1333 3234; baseline 0.001 -17"><span class='ocrx_word' id='word_1_330' title='bbox 171 3196 202 3206; x_wconf 89' lang='lat'>-</span> <span class='ocrx_word' id='word_1_331' title='bbox 222 3181 321 3234; x_wconf 91' lang='lat' dir='ltr'><strong>„quem</strong></span> <span class='ocrx_word' id='word_1_332' title='bbox 340 3166 423 3217; x_wconf 87' lang='lat' dir='ltr'><strong>noctu</strong></span> <span class='ocrx_word' id='word_1_333' title='bbox 444 3163 546 3232; x_wconf 90' lang='lat' dir='ltr'><strong>diuque</strong></span> <span class='ocrx_word' id='word_1_334' title='bbox 567 3165 673 3218; x_wconf 88' lang='lat' dir='ltr'><strong>conteri</strong></span> <span class='ocrx_word' id='word_1_335' title='bbox 693 3165 808 3218; x_wconf 88' lang='lat' dir='ltr'><strong>assiduis</strong></span> <span class='ocrx_word' id='word_1_336' title='bbox 834 3165 961 3218; x_wconf 86' lang='lat' dir='ltr'><strong>manibus</strong></span> <span class='ocrx_word' id='word_1_337' title='bbox 987 3167 1015 3216; x_wconf 89' lang='lat' dir='ltr'><strong>et</strong></span> <span class='ocrx_word' id='word_1_338' title='bbox 1039 3163 1068 3216; x_wconf 90' lang='lat' dir='ltr'><strong>in</strong></span> <span class='ocrx_word' id='word_1_339' title='bbox 1092 3165 1178 3218; x_wconf 88' lang='lat' dir='ltr'><strong>oeulis</strong></span> <span class='ocrx_word' id='word_1_340' title='bbox 1203 3166 1263 3234; x_wconf 87' lang='lat' dir='ltr'><strong>geri</strong></span> <span class='ocrx_word' id='word_1_341' title='bbox 1282 3182 1333 3234; x_wconf 86' lang='lat' dir='ltr'><strong>par</strong></span> 
     </span>
     <span class='ocr_line' id='line_1_32' title="bbox 169 3250 1332 3321; baseline -0.002 -13"><span class='ocrx_word' id='word_1_342' title='bbox 169 3256 257 3309; x_wconf 86' lang='lat' dir='ltr'><strong>erat“.</strong></span> <span class='ocrx_word' id='word_1_343' title='bbox 293 3251 325 3306; x_wconf 89' lang='lat' dir='ltr'><strong>Id</strong></span> <span class='ocrx_word' id='word_1_344' title='bbox 344 3269 417 3317; x_wconf 86' lang='lat' dir='ltr'><strong>vero,</strong></span> <span class='ocrx_word' id='word_1_345' title='bbox 436 3250 510 3319; x_wconf 90' lang='lat' dir='ltr'><strong>qnod</strong></span> <span class='ocrx_word' id='word_1_346' title='bbox 529 3251 663 3304; x_wconf 86' lang='lat' dir='ltr'><strong>Reiskeus</strong></span> <span class='ocrx_word' id='word_1_347' title='bbox 682 3253 864 3305; x_wconf 90' lang='lat' dir='ltr'><strong>Demostheni</strong></span> <span class='ocrx_word' id='word_1_348' title='bbox 883 3251 1032 3320; x_wconf 87' lang='lat' dir='ltr'><strong>opprobrio</strong></span> <span class='ocrx_word' id='word_1_349' title='bbox 1053 3250 1138 3317; x_wconf 89' lang='lat' dir='ltr'><strong>dedit,</strong></span> <span class='ocrx_word' id='word_1_350' title='bbox 1158 3253 1194 3306; x_wconf 89' lang='lat' dir='ltr'><strong>ad</strong></span> <span class='ocrx_word' id='word_1_351' title='bbox 1213 3254 1332 3321; x_wconf 87' lang='lat' dir='ltr'><strong>aliquam</strong></span> 
     </span>
     <span class='ocr_line' id='line_1_33' title="bbox 172 3339 1334 3412; baseline -0.001 -17"><span class='ocrx_word' id='word_1_352' title='bbox 172 3346 283 3412; x_wconf 87' lang='lat' dir='ltr'><strong>partem</strong></span> <span class='ocrx_word' id='word_1_353' title='bbox 303 3356 396 3393; x_wconf 88' lang='lat' dir='ltr'><strong>earum</strong></span> <span class='ocrx_word' id='word_1_354' title='bbox 417 3340 574 3392; x_wconf 89' lang='lat' dir='ltr'><strong>orationum</strong></span> <span class='ocrx_word' id='word_1_355' title='bbox 593 3340 704 3392; x_wconf 88' lang='lat' dir='ltr'><strong>videtur</strong></span> <span class='ocrx_word' id='word_1_356' title='bbox 722 3340 878 3408; x_wconf 90' lang='lat' dir='ltr'><strong>pertinere,</strong></span> <span class='ocrx_word' id='word_1_357' title='bbox 902 3356 971 3406; x_wconf 87' lang='lat' dir='ltr'><strong>qnae</strong></span> <span class='ocrx_word' id='word_1_358' title='bbox 990 3339 1081 3392; x_wconf 85' lang='lat' dir='ltr'><strong>vocari</strong></span> <span class='ocrx_word' id='word_1_359' title='bbox 1102 3339 1192 3394; x_wconf 88' lang='lat' dir='ltr'><strong>solent</strong></span> <span class='ocrx_word' id='word_1_360' title='bbox 1211 3341 1334 3409; x_wconf 87' lang='lat' dir='ltr'><strong>„Privat-</strong></span> 
     </span>
     <span class='ocr_line' id='line_1_34' title="bbox 172 3427 1331 3496; baseline 0 -14"><span class='ocrx_word' id='word_1_361' title='bbox 172 3428 422 3496; x_wconf 81' lang='lat' dir='ltr'><strong>reden“,quarum</strong></span> <span class='ocrx_word' id='word_1_362' title='bbox 441 3445 584 3481; x_wconf 87' lang='lat' dir='ltr'><strong>numerum</strong></span> <span class='ocrx_word' id='word_1_363' title='bbox 604 3428 671 3480; x_wconf 87' lang='lat' dir='ltr'><strong>satis</strong></span> <span class='ocrx_word' id='word_1_364' title='bbox 690 3444 822 3496; x_wconf 85' lang='lat' dir='ltr'><strong>magnum</strong></span> <span class='ocrx_word' id='word_1_365' title='bbox 837 3444 901 3480; x_wconf 50' lang='lat' dir='ltr'><strong>‘non</strong></span> <span class='ocrx_word' id='word_1_366' title='bbox 927 3443 986 3479; x_wconf 89' lang='lat' dir='ltr'><strong>esse</strong></span> <span class='ocrx_word' id='word_1_367' title='bbox 1012 3427 1200 3495; x_wconf 90' lang='lat' dir='ltr'><strong>conscriptum</strong></span> <span class='ocrx_word' id='word_1_368' title='bbox 1220 3446 1236 3482; x_wconf 86' lang='lat' dir='ltr'><strong>a</strong></span> <span class='ocrx_word' id='word_1_369' title='bbox 1255 3429 1331 3482; x_wconf 91' lang='lat' dir='ltr'><strong>Dem.</strong></span> 
     </span>
     <span class='ocr_line' id='line_1_35' title="bbox 168 3511 1331 3583; baseline -0.003 -13"><span class='ocrx_word' id='word_1_370' title='bbox 168 3517 250 3570; x_wconf 91' lang='lat' dir='ltr'><strong>multi</strong></span> <span class='ocrx_word' id='word_1_371' title='bbox 269 3532 342 3567; x_wconf 91' lang='lat' dir='ltr'><strong>nunc</strong></span> <span class='ocrx_word' id='word_1_372' title='bbox 363 3515 548 3568; x_wconf 89' lang='lat' dir='ltr'><strong>consentiunt.</strong></span> <span class='ocrx_word' id='word_1_373' title='bbox 619 3515 646 3583; x_wconf 88' lang='grc'><strong>6)</strong></span> <span class='ocrx_word' id='word_1_374' title='bbox 672 3513 767 3567; x_wconf 89' lang='lat' dir='ltr'><strong>Liceat</strong></span> <span class='ocrx_word' id='word_1_375' title='bbox 791 3514 860 3568; x_wconf 91' lang='lat' dir='ltr'><strong>mihi</strong></span> <span class='ocrx_word' id='word_1_376' title='bbox 884 3514 930 3566; x_wconf 91' lang='lat' dir='ltr'><strong>hic</strong></span> <span class='ocrx_word' id='word_1_377' title='bbox 950 3511 1049 3566; x_wconf 87' lang='lat' dir='ltr'><strong>afferre</strong></span> <span class='ocrx_word' id='word_1_378' title='bbox 1068 3515 1151 3568; x_wconf 84' lang='lat' dir='ltr'><strong>etiarn</strong></span> <span class='ocrx_word' id='word_1_379' title='bbox 1171 3515 1331 3583; x_wconf 84' lang='lat' dir='ltr'><strong>postillam</strong></span> 
     </span>
     <span class='ocr_line' id='line_1_36' title="bbox 169 3600 1330 3668; baseline -0.004 -11"><span class='ocrx_word' id='word_1_380' title='bbox 169 3602 397 3657; x_wconf 88' lang='lat' dir='ltr'><strong>commentarium</strong></span> <span class='ocrx_word' id='word_1_381' title='bbox 417 3619 432 3654; x_wconf 91' lang='lat' dir='ltr'><strong>a</strong></span> <span class='ocrx_word' id='word_1_382' title='bbox 445 3600 479 3656; x_wconf 88' lang='grc' dir='ltr'><strong>Κ.</strong></span> <span class='ocrx_word' id='word_1_383' title='bbox 495 3602 600 3654; x_wconf 91' lang='lat' dir='ltr'><strong>editum</strong></span> <span class='ocrx_word' id='word_1_384' title='bbox 615 3601 809 3655; x_wconf 89' lang='lat' dir='ltr'><strong>Demosthenis</strong></span> <span class='ocrx_word' id='word_1_385' title='bbox 823 3601 1050 3668; x_wconf 82' lang='lat' dir='ltr'><strong>Ctesiphontearn</strong></span> <span class='ocrx_word' id='word_1_386' title='bbox 1063 3619 1169 3656; x_wconf 88' lang='lat' dir='ltr'><strong>summa</strong></span> <span class='ocrx_word' id='word_1_387' title='bbox 1182 3603 1264 3656; x_wconf 90' lang='lat' dir='ltr'><strong>lande</strong></span> <span class='ocrx_word' id='word_1_388' title='bbox 1276 3601 1330 3654; x_wconf 90' lang='lat' dir='ltr'><strong>ela·</strong></span> 
     </span>
     <span class='ocr_line' id='line_1_37' title="bbox 169 3687 1332 3760; baseline -0.004 -15"><span class='ocrx_word' id='word_1_389' title='bbox 169 3696 226 3745; x_wconf 86' lang='lat' dir='ltr'><strong>tam</strong></span> <span class='ocrx_word' id='word_1_390' title='bbox 246 3707 304 3744; x_wconf 88' lang='lat' dir='ltr'><strong>esse</strong></span> <span class='ocrx_word' id='word_1_391' title='bbox 325 3689 458 3742; x_wconf 84' lang='lat' dir='ltr'><strong>aBlassio</strong></span> <span class='ocrx_word' id='word_1_392' title='bbox 479 3689 536 3758; x_wconf 81' lang='lat' dir='ltr'><strong>(Ill,</strong></span> <span class='ocrx_word' id='word_1_393' title='bbox 557 3691 581 3757; x_wconf 96' lang='grc'><strong>1,</strong></span> <span class='ocrx_word' id='word_1_394' title='bbox 600 3690 652 3742; x_wconf 93' lang='grc'><strong>380</strong></span> <span class='ocrx_word' id='word_1_395' title='bbox 665 3693 693 3742; x_wconf 90' lang='lat' dir='ltr'><strong>et</strong></span> <span class='ocrx_word' id='word_1_396' title='bbox 706 3691 767 3760; x_wconf 91' lang='grc'><strong>382)</strong></span> <span class='ocrx_word' id='word_1_397' title='bbox 787 3694 815 3743; x_wconf 91' lang='lat' dir='ltr'><strong>et</strong></span> <span class='ocrx_word' id='word_1_398' title='bbox 828 3706 844 3742; x_wconf 87' lang='lat' dir='ltr'><strong>a</strong></span> <span class='ocrx_word' id='word_1_399' title='bbox 859 3689 954 3756; x_wconf 83' lang='lat' dir='ltr'><strong>Foxio,</strong></span> <span class='ocrx_word' id='word_1_400' title='bbox 968 3689 1084 3744; x_wconf 87' lang='lat' dir='ltr'><strong>Kranzr.</strong></span> <span class='ocrx_word' id='word_1_401' title='bbox 1100 3692 1168 3744; x_wconf 90' lang='grc'><strong>1880</strong></span> <span class='ocrx_word' id='word_1_402' title='bbox 1181 3689 1244 3756; x_wconf 87' lang='lat' dir='ltr'><strong>(qui,</strong></span> <span class='ocrx_word' id='word_1_403' title='bbox 1264 3687 1332 3755; x_wconf 90' lang='lat' dir='ltr'><strong>quid</strong></span> 
     </span>
     <span class='ocr_line' id='line_1_38' title="bbox 168 3775 1332 3845; baseline -0.003 -13"><span class='ocrx_word' id='word_1_404' title='bbox 168 3779 292 3843; x_wconf 88' lang='lat' dir='ltr'><strong>sentiret,</strong></span> <span class='ocrx_word' id='word_1_405' title='bbox 311 3777 340 3829; x_wconf 90' lang='lat' dir='ltr'><strong>in</strong></span> <span class='ocrx_word' id='word_1_406' title='bbox 359 3777 420 3844; x_wconf 88' lang='lat' dir='ltr'><strong>ipsa</strong></span> <span class='ocrx_word' id='word_1_407' title='bbox 437 3776 501 3829; x_wconf 92' lang='lat' dir='ltr'><strong>libri</strong></span> <span class='ocrx_word' id='word_1_408' title='bbox 520 3777 562 3828; x_wconf 89' lang='lat' dir='ltr'><strong>sui</strong></span> <span class='ocrx_word' id='word_1_409' title='bbox 581 3776 760 3845; x_wconf 87' lang='lat' dir='ltr'><strong>inscriptione</strong></span> <span class='ocrx_word' id='word_1_410' title='bbox 774 3777 940 3845; x_wconf 81' lang='lat' dir='ltr'><strong>proposuit).</strong></span> <span class='ocrx_word' id='word_1_411' title='bbox 976 3777 1067 3832; x_wconf 85' lang='lat' dir='ltr'><strong>Antea</strong></span> <span class='ocrx_word' id='word_1_412' title='bbox 1080 3782 1172 3831; x_wconf 84' lang='lat' dir='ltr'><strong>autem</strong></span> <span class='ocrx_word' id='word_1_413' title='bbox 1187 3775 1332 3843; x_wconf 87' lang='lat' dir='ltr'><strong>Sauppeus</strong></span> 
     </span>
     <span class='ocr_line' id='line_1_39' title="bbox 169 3861 1332 3934; baseline 0 -16"><span class='ocrx_word' id='word_1_414' title='bbox 169 3864 327 3934; x_wconf 86' lang='lat' dir='ltr'><strong>(Verbandl.</strong></span> <span class='ocrx_word' id='word_1_415' title='bbox 341 3863 392 3917; x_wconf 89' lang='lat' dir='ltr'><strong>der</strong></span> <span class='ocrx_word' id='word_1_416' title='bbox 404 3866 428 3917; x_wconf 94' lang='grc'><strong>7.</strong></span> <span class='ocrx_word' id='word_1_417' title='bbox 442 3865 604 3918; x_wconf 85' lang='lat' dir='ltr'><strong>Versamml.</strong></span> <span class='ocrx_word' id='word_1_418' title='bbox 619 3864 744 3918; x_wconf 88' lang='lat' dir='ltr'><strong>deutsch.</strong></span> <span class='ocrx_word' id='word_1_419' title='bbox 760 3864 856 3918; x_wconf 91' lang='lat' dir='ltr'><strong>Philol.</strong></span> <span class='ocrx_word' id='word_1_420' title='bbox 873 3865 948 3933; x_wconf 88' lang='grc'><strong>1844,</strong></span> <span class='ocrx_word' id='word_1_421' title='bbox 968 3883 996 3934; x_wconf 91' lang='lat' dir='ltr'><strong>p.</strong></span> <span class='ocrx_word' id='word_1_422' title='bbox 1012 3869 1062 3919; x_wconf 89' lang='grc'><strong>127</strong></span> <span class='ocrx_word' id='word_1_423' title='bbox 1076 3869 1104 3917; x_wconf 91' lang='lat' dir='ltr'><strong>et</strong></span> <span class='ocrx_word' id='word_1_424' title='bbox 1119 3863 1178 3927; x_wconf 89' lang='grc'><strong>128)</strong></span> <span class='ocrx_word' id='word_1_425' title='bbox 1192 3861 1332 3930; x_wconf 88' lang='lat' dir='ltr'><strong>professus</strong></span> 
     </span>
     <span class='ocr_line' id='line_1_40' title="bbox 169 3949 1332 4017; baseline 0.001 -11"><span class='ocrx_word' id='word_1_426' title='bbox 169 3957 230 4006; x_wconf 88' lang='lat' dir='ltr'><strong>erat</strong></span> <span class='ocrx_word' id='word_1_427' title='bbox 256 3968 312 4005; x_wconf 90' lang='lat' dir='ltr'><strong>non</strong></span> <span class='ocrx_word' id='word_1_428' title='bbox 331 3952 423 4004; x_wconf 85' lang='lat' dir='ltr'><strong>omnia</strong></span> <span class='ocrx_word' id='word_1_429' title='bbox 441 3952 494 4004; x_wconf 88' lang='lat' dir='ltr'><strong>sibi</strong></span> <span class='ocrx_word' id='word_1_430' title='bbox 513 3952 602 4005; x_wconf 85' lang='lat' dir='ltr'><strong>videri</strong></span> <span class='ocrx_word' id='word_1_431' title='bbox 619 3951 759 4005; x_wconf 87' lang='lat' dir='ltr'><strong>laudanda</strong></span> <span class='ocrx_word' id='word_1_432' title='bbox 778 3969 836 4005; x_wconf 89' lang='lat' dir='ltr'><strong>esse</strong></span> <span class='ocrx_word' id='word_1_433' title='bbox 855 3953 949 4006; x_wconf 87' lang='lat' dir='ltr'><strong>inille</strong></span> <span class='ocrx_word' id='word_1_434' title='bbox 968 3953 1101 4006; x_wconf 85' lang='lat' dir='ltr'><strong>oratione.</strong></span> <span class='ocrx_word' id='word_1_435' title='bbox 1167 3949 1193 4017; x_wconf 91' lang='grc'><strong>7)</strong></span> <span class='ocrx_word' id='word_1_436' title='bbox 1213 3949 1284 4005; x_wconf 82' lang='lat' dir='ltr'><strong>noh.</strong></span> <span class='ocrx_word' id='word_1_437' title='bbox 1306 3953 1332 4007; x_wconf 94' lang='lat' dir='ltr'><strong>d.</strong></span> 
     </span>
     <span class='ocr_line' id='line_1_41' title="bbox 169 4035 1331 4109; baseline -0.001 -15"><span class='ocrx_word' id='word_1_438' title='bbox 169 4041 247 4095; x_wconf 91' lang='lat' dir='ltr'><strong>Berl.</strong></span> <span class='ocrx_word' id='word_1_439' title='bbox 260 4039 321 4106; x_wconf 80' lang='lat' dir='ltr'><strong>Ak,</strong></span> <span class='ocrx_word' id='word_1_440' title='bbox 331 4039 417 4107; x_wconf 90' lang='lat' dir='ltr'><strong>ph.·h.</strong></span> <span class='ocrx_word' id='word_1_441' title='bbox 431 4038 483 4102; x_wconf 86' lang='lat' dir='ltr'><strong>Kl,</strong></span> <span class='ocrx_word' id='word_1_442' title='bbox 498 4041 574 4106; x_wconf 89' lang='grc'><strong>1875,</strong></span> <span class='ocrx_word' id='word_1_443' title='bbox 588 4056 614 4106; x_wconf 93' lang='lat' dir='ltr'><strong>p.</strong></span> <span class='ocrx_word' id='word_1_444' title='bbox 628 4041 739 4093; x_wconf 86' lang='grc'><strong>59-89.</strong></span> <span class='ocrx_word' id='word_1_445' title='bbox 768 4039 796 4109; x_wconf 91' lang='grc'><strong>8)</strong></span> <span class='ocrx_word' id='word_1_446' title='bbox 809 4039 837 4093; x_wconf 88' lang='grc' dir='ltr'><strong>Ρ.</strong></span> <span class='ocrx_word' id='word_1_447' title='bbox 857 4043 898 4107; x_wconf 94' lang='grc'><strong>60,</strong></span> <span class='ocrx_word' id='word_1_448' title='bbox 912 4041 954 4107; x_wconf 86' lang='grc'><strong>82,</strong></span> <span class='ocrx_word' id='word_1_449' title='bbox 967 4042 1008 4093; x_wconf 89' lang='grc'><strong>87.</strong></span> <span class='ocrx_word' id='word_1_450' title='bbox 1038 4038 1067 4103; x_wconf 84' lang='grc'><strong>9)</strong></span> <span class='ocrx_word' id='word_1_451' title='bbox 1081 4035 1122 4090; x_wconf 82' lang='lat' dir='ltr'><strong>Cf.</strong></span> <span class='ocrx_word' id='word_1_452' title='bbox 1137 4053 1160 4090; x_wconf 86' lang='lat' dir='ltr'><strong>e.</strong></span> <span class='ocrx_word' id='word_1_453' title='bbox 1174 4054 1197 4090; x_wconf 92' lang='lat' dir='ltr'><strong>c.</strong></span> <span class='ocrx_word' id='word_1_454' title='bbox 1208 4036 1331 4106; x_wconf 88' lang='lat' dir='ltr'><strong>Kirchh,</strong></span> 
     </span>
     <span class='ocr_line' id='line_1_42' title="bbox 168 4123 1331 4197; baseline -0.003 -15"><span class='ocrx_word' id='word_1_455' title='bbox 168 4146 196 4197; x_wconf 89' lang='lat' dir='ltr'><strong>p.</strong></span> <span class='ocrx_word' id='word_1_456' title='bbox 209 4130 242 4182; x_wconf 87' lang='grc'><strong>86</strong></span> <span class='ocrx_word' id='word_1_457' title='bbox 262 4127 412 4194; x_wconf 89' lang='lat' dir='ltr'><strong>(„beide“)‚</strong></span> <span class='ocrx_word' id='word_1_458' title='bbox 431 4131 459 4180; x_wconf 91' lang='lat' dir='ltr'><strong>et</strong></span> <span class='ocrx_word' id='word_1_459' title='bbox 472 4125 596 4192; x_wconf 88' lang='lat' dir='ltr'><strong>Foxinm,</strong></span> <span class='ocrx_word' id='word_1_460' title='bbox 616 4125 741 4193; x_wconf 75' lang='lat' dir='ltr'><strong>Kranae,</strong></span> <span class='ocrx_word' id='word_1_461' title='bbox 760 4144 787 4194; x_wconf 91' lang='lat' dir='ltr'><strong>p.</strong></span> <span class='ocrx_word' id='word_1_462' title='bbox 800 4130 852 4181; x_wconf 91' lang='grc'><strong>250</strong></span> <span class='ocrx_word' id='word_1_463' title='bbox 872 4127 967 4196; x_wconf 84' lang='lat' dir='ltr'><strong>(„zwei</strong></span> <span class='ocrx_word' id='word_1_464' title='bbox 984 4123 1181 4181; x_wconf 86' lang='lat' dir='ltr'><strong>verschiedene</strong></span> <span class='ocrx_word' id='word_1_465' title='bbox 1199 4124 1331 4195; x_wconf 87' lang='lat' dir='ltr'><strong>Reden“).</strong></span> 
     </span>
     <span class='ocr_line' id='line_1_43' title="bbox 166 4212 1332 4288; baseline -0.003 -19"><span class='ocrx_word' id='word_1_466' title='bbox 166 4216 211 4288; x_wconf 93' lang='grc'><strong>10)</strong></span> <span class='ocrx_word' id='word_1_467' title='bbox 238 4215 268 4278; x_wconf 81' lang='lat' dir='ltr'><strong>P.</strong></span> <span class='ocrx_word' id='word_1_468' title='bbox 287 4216 398 4274; x_wconf 72' lang='grc'><strong>80-98</strong></span> <span class='ocrx_word' id='word_1_469' title='bbox 460 4214 496 4282; x_wconf 91' lang='grc'><strong>11)</strong></span> <span class='ocrx_word' id='word_1_470' title='bbox 516 4213 572 4267; x_wconf 86' lang='lat' dir='ltr'><strong>Hos</strong></span> <span class='ocrx_word' id='word_1_471' title='bbox 592 4213 727 4282; x_wconf 89' lang='lat' dir='ltr'><strong>adscripsi</strong></span> <span class='ocrx_word' id='word_1_472' title='bbox 746 4231 874 4268; x_wconf 90' lang='lat' dir='ltr'><strong>numeros</strong></span> <span class='ocrx_word' id='word_1_473' title='bbox 894 4217 1003 4269; x_wconf 88' lang='lat' dir='ltr'><strong>secutus</strong></span> <span class='ocrx_word' id='word_1_474' title='bbox 1022 4212 1178 4284; x_wconf 87' lang='lat' dir='ltr'><strong>exemplum</strong></span> <span class='ocrx_word' id='word_1_475' title='bbox 1198 4213 1332 4267; x_wconf 86' lang='lat' dir='ltr'><strong>orationis</strong></span> 
     </span>
    </p>
   </div>
   <div class='ocr_carea' id='block_1_4' title="bbox 0 0 1504 4826">
    <p class='ocr_par' dir='ltr' id='par_1_4' title="bbox 0 0 1504 4826">
     <span class='ocr_line' id='line_1_44' title="bbox 0 0 1504 4826; baseline 0 0"><span class='ocrx_word' id='word_1_476' title='bbox 0 0 1504 4826; x_wconf 95' lang='lat' dir='ltr'><strong> </strong></span> 
     </span>
    </p>
   </div>
  </div>
 </body>
</html>
