2954 4824
1237 336 1277 402 tt

159 513 279 591 verunt,
301 507 414 574 eadem
437 507 586 573 continuo
609 506 652 572 ad
674 507 811 590 priorem
835 513 866 572 et
888 505 986 573 aliam
1010 525 1142 572 causam
1168 505 1278 572 referri

159 611 347 678 credemus?
398 610 490 689 Quod
516 609 543 676 si
573 610 891 693 στασιάσασαι
921 616 1035 694 restat,
1064 609 1126 676 nisi
1146 614 1184 674 ut
1206 608 1279 690 huie

157 714 234 797 loeo,
257 715 312 796 qui
335 736 356 780 a
379 714 484 780 verbis
507 717 583 793 ,τοῦ
607 713 642 779 δὲ
663 709 875 800 πράγματος“
898 713 1024 798 incipit,
1046 714 1184 798 priorem
1206 733 1289 786 uar-¹

157 817 292 882 rationis
326 825 449 902 partem
479 817 593 884 deesse
622 824 785 902 putemus,
816 817 893 902 quio
922 815 991 882 siue
1020 816 1117 884 dubio
1140 815 1215 882 inde
1237 815 1278 882 ab

156 919 205 984 his
227 920 335 986 verbis
357 921 460 988 oratio
483 921 530 986 ita
551 920 716 1003 formatur,
748 921 842 1003 quasi
872 921 959 1005 prior
988 939 1064 1004 pars
1086 919 1279 986 narrationis

157 1023 338 1088 antecedat.
401 1024 515 1106 Neque
548 1030 671 1105 tamen,
708 1028 742 1087 ut
774 1021 835 1089 hoe
866 1023 930 1088 iam
965 1042 1050 1088 nune
1082 1020 1206 1106 dicam,
1242 1021 1279 1086 li·

155 1126 336 1191 brariorum
359 1126 454 1211 culpa
476 1126 510 1193 id
533 1126 644 1192 vitium
668 1126 845 1192 admissum
868 1133 925 1208 est,
947 1125 1004 1192 sed
1025 1123 1163 1216 oratoris
1176 1123 1278 1208 ipsius

154 1229 305 1312 oonsilio,
327 1229 368 1294 de
384 1249 448 1312 quo
463 1229 549 1295 infra
565 1249 731 1313 exponam.
777 1229 926 1296 (letarum
949 1228 1070 1310 omnia,
1098 1245 1181 1310 quae
1203 1225 1278 1292 iude

154 1351 176 1395 a
199 1331 318 1415 verbis,
340 1350 424 1414 quae
448 1333 605 1398 suntsed
630 1332 665 1398 δὲ
687 1324 893 1416 πράγματος,
916 1329 1076 1413 usquead
1098 1330 1207 1410 ,λῦσαι
1222 1329 1278 1396 δυ-

154 1435 316 1518 ναίμεθα(
339 1434 371 1520 (ξ
390 1434 451 1519 10.)
474 1434 685 1519 proferuntur,
714 1435 900 1519 priusquam
924 1432 1100 1498 Androtion
1123 1431 1277 1516 pecunias

154 1537 284 1602 debitas
307 1537 431 1603 aerario
453 1538 657 1623 persolveret,
680 1538 798 1622 scripta
821 1556 892 1604 esse
912 1536 1039 1602 Blaesio
1061 1540 1147 1602 recte
1169 1533 1278 1600 videu-

154 1644 215 1721 tur,
245 1645 375 1723 propter
405 1639 516 1722 verba,
549 1659 632 1722 quae
663 1646 736 1705 sunt
764 1640 880 1727 τίθησι
908 1639 1046 1705 τουτονὶ
1072 1634 1134 1702 τὸν
1161 1632 1277 1722 νόμον,

155 1733 198 1806 δι’
221 1731 272 1806 ὧν
292 1745 364 1806 τῶν
386 1740 486 1826 ἱερῶν
508 1742 569 1827 μὲν
588 1735 767 1828 χρημάτων
789 1739 871 1820 τούς
893 1738 1004 1821 θεούς,
1026 1743 1097 1806 τῶν
1120 1733 1224 1806 ὁσίων
1241 1739 1277 1804 δὲ

153 1835 219 1928 τήν
240 1836 344 1910 πόλιν
366 1836 553 1930 ἀποστερεῖ,
577 1838 684 1929 άκυρα
707 1846 742 1912 δὲ
763 1839 807 1910 τὰ
825 1837 1017 1930 γνωσθένθ’
1027 1838 1098 1910 ὑπὸ
1117 1846 1175 1928 τῆς
1199 1845 1277 1923 βου

155 1950 215 2031 λῆς
238 1948 294 2012 καὶ
317 1950 382 2014 τοῦ
405 1945 511 2034 δήμου
533 1950 589 2016 καὶ
611 1953 675 2015 τοτ’
699 1949 914 2035 δικαστηρίου
937 1949 1146 2032 καθίστησιν.
1182 2004 1185 2008 .
1322 1941 1327 1952 ’

242 2050 463 2137 Indea§10.
486 2052 599 2136 verbis,
621 2069 704 2135 quae
727 2060 801 2117 sunt
822 2052 857 2134 ἐξ
878 2044 977 2138 ἀρχῆς
1000 2044 1062 2116 οὖν
1084 2048 1121 2115 ἐν
1143 2047 1277 2133 βραχέσι

155 2149 198 2217 τά
227 2153 424 2236 πραχθέντα
454 2155 551 2238 δίειμι
580 2151 665 2239 πρὸς
687 2145 785 2239 ὑμᾶς,
816 2154 870 2219 ἵνα
898 2157 1029 2240 μᾶλλον
1059 2148 1189 2238 μάθητε
1218 2149 1276 2216 καὶ

131 2298 133 2304 ·
155 2252 482 2344 παρακολουθήσητε
511 2271 584 2334 τοῖς
605 2260 683 2344 περὶ
701 2251 773 2324 τὸν
796 2255 901 2342 νόμον
932 2250 1038 2325 ου’τδν
1068 2248 1276 2340 ἀδικήμασιν,

155 2360 249 2424 tertia
265 2359 419 2443 prooemii
435 2379 520 2443 pars,
544 2379 608 2442 qua
625 2361 764 2427 narratio
781 2361 825 2428 rei
842 2361 1027 2442 continetur,
1049 2359 1170 2444 incipit,
1192 2374 1276 2440 quae

155 2481 259 2544 usque
282 2461 361 2548 κάξ
381 2465 427 2528 16.
448 2464 595 2545 pertinet.
640 2464 741 2530 Cuius
763 2464 941 2548 particulae
964 2463 1076 2547 verba,
1099 2480 1182 2544 quae
1204 2463 1277 2524 suut

155 2564 189 2649 (ξ
209 2563 272 2650 16.)
286 2567 359 2630 τῶν
372 2561 552 2651 χρημάτων
569 2565 709 2644 ἐκείνοις
724 2580 796 2643 τοῖς
812 2558 946 2651 χρόνοις
962 2562 1111 2651 δραχμήν
1134 2554 1176 2630 or'
1199 2587 1277 2628 κατ-

154 2667 285 2761 έθηκαν
303 2667 393 2751 ὑμῖν,
417 2669 594 2752 ostendunt,
617 2676 694 2754 tum,
716 2691 787 2736 eum
813 2671 933 2753 scripta
955 2676 1037 2750 sunt,
1059 2669 1125 2735 iam
1153 2665 1276 2732 solutas

156 2789 228 2836 esse
251 2771 405 2854 pecunias
428 2771 511 2837 illas
563 2775 689 2837 'Potane
711 2773 807 2855 igitur
829 2773 908 2840 haee
929 2771 1087 2856 particula
1108 2769 1212 2850 alteri,
1242 2774 1276 2832 ut

154 2873 201 2937 ita
217 2873 330 2952 dicam,
353 2874 531 2941 recensioni
546 2874 639 2940 huius
659 2875 813 2940 orationis
829 2875 1026 2940 vindicanda
1041 2871 1137 2940 eritl‘
1160 2870 1196 2936 Si
1212 2891 1275 2936 orn-

155 2975 209 3040 uia
231 2982 299 3042 tam
323 2984 392 3041 arte
414 2977 496 3044 inter
518 2996 552 3043 se
575 2977 758 3061 cohaerent,
781 2985 814 3042 ut
838 2978 947 3044 divelli
971 2998 1033 3043 uon
1056 2976 1188 3061 possint,
1211 2995 1275 3040 non

153 3079 348 3162 negaverim.
391 3079 457 3145 Sed
479 3079 651 3146 videndum
673 3086 730 3163 est,
752 3101 827 3146 num
851 3100 892 3148 ea
916 3080 1023 3146 omnia
1045 3079 1156 3148 eodem
1179 3098 1273 3144 eursu

154 3180 263 3246 fluant.
315 3179 406 3260 Quod
438 3182 587 3263 equidem
617 3203 680 3248 non
711 3191 777 3248 tam
803 3184 899 3251 facile
926 3183 1146 3251 concesserim.
1189 3182 1275 3246 Nam

154 3291 226 3368 post
250 3284 360 3367 verba,
383 3293 557 3366 quaesunt
579 3283 692 3353 ἔδωκε,
705 3281 842 3374 γνώμην
859 3279 1050 3374 Εὐκτήμων
1067 3281 1112 3363 ὡς
1127 3275 1275 3351 δυνατὸν

154 3377 379 3472 δικαιοτάτην,
396 3381 479 3471 ὑμᾶς
493 3387 553 3473 μὲν
566 3382 774 3474 εἰςπράττειν
789 3383 868 3468 τούς
891 3385 1120 3476 τριηράρχους,
1136 3386 1275 3458 ἐκείνοις

156 3481 185 3553 δ’
202 3484 286 3555 εἶναι
309 3491 387 3574 περὶ
408 3481 525 3556 αὐτῶν
552 3491 597 3569 εἰς
619 3485 702 3571 coir
725 3491 861 3577 ἔχοντας
884 3485 1069 3576 ἀναφοράν.
1092 3483 1152 3556 ἐὰν
1174 3481 1274 3575 δ’ἀμ-

153 3594 355 3678 φισβητήταί
386 3617 429 3672 τι,
456 3607 567 3660 ποιεῖν
591 3597 811 3676 διαδικασίαν,
842 3594 904 3664 τὸν
926 3598 961 3664 δὲ
983 3594 1172 3685 ήττηδέντα
1193 3597 1273 3660 τοῦ-

153 3719 213 3762 τον
238 3689 385 3778 ὀφείλειν
406 3700 448 3780 τή
470 3693 579 3780 πόλει,
602 3707 828 3786 exspectamus
844 3716 1012 3784 oratorem,
1035 3699 1112 3784 quid
1132 3704 1274 3786 senatus,

153 3799 231 3880 quid
261 3799 400 3882 populus
430 3801 471 3866 de
501 3802 706 3896 Euctqmonis
739 3803 897 3870 sententia
928 3803 1119 3881 decreverit,
1155 3801 1274 3868 diserte

152 3901 309 3967 dicturum
333 3921 412 3968 esse.
457 3905 544 3969 Nihil
567 3906 632 3970 tale
654 3905 804 3988 legimus,
833 3907 890 3972 sed
913 3907 994 3972 mira
1017 3903 1273 3988 breviloquentia

152 4025 229 4070 usus
261 4011 368 4070 orator
399 4007 507 4072 statim
537 4007 583 4070 sic
605 4009 721 4091 pergit:
750 4001 939 4093 γράφονται
968 4000 1008 4074 τὸ
1035 4004 1188 4092 ψήφισμα
1205 4027 1211 4039 ·
1228 4005 1273 4082 εἷς

152 4100 238 4190 ὑμᾶς
261 4105 414 4192 εἰςῆλδεν
431 4128 435 4139 ·
454 4107 508 4171 ἵνα
534 4108 686 4192 συντέμω
711 4127 799 4194 seqq.
816 4110 930 4191 quibus
953 4110 1059 4176 verbis
1081 4104 1192 4195 γραφή
1215 4107 1272 4173 illa

155 4205 361 4296 παρανόμων
379 4209 596 4294 intellegenda
612 4217 668 4294 est,
690 4230 787 4297 quam
804 4213 979 4281 Androtion
995 4213 1133 4302 eiusque
1144 4215 1272 4288 sodales
