2954 4824
1222 322 1258 379 15

156 485 178 548 E
205 484 311 565 quibus
340 486 443 568 prima
474 493 505 548 et
535 486 628 548 tortia
654 492 833 549 commenta
856 486 1046 549 Androtioni
1076 487 1184 551 afficta
1215 508 1259 552 re-

153 587 291 667 futantur,
312 607 351 650 ea
375 595 494 667 autem,
524 606 607 667 quae
631 587 769 651 secundo
793 589 861 650 loco
885 588 991 670 posita
1022 595 1081 667 est,
1111 610 1172 651 non
1197 584 1259 672 ipsi

153 689 328 753 Androtioni
344 696 452 754 orator
468 691 646 772 respondet,
663 690 719 754 scd
731 690 861 771 collegis
876 691 954 772 eius,
970 711 1049 772 quos
1064 711 1120 773 pro
1137 699 1259 756 senatu.

151 809 185 854 ne
207 810 338 855 coronae
361 792 478 854 honore
501 793 643 875 privetur
665 812 746 856 neve
768 792 902 856 infamia
926 792 1067 875 quadam
1092 793 1259 876 afficiatur,

150 894 239 957 verba
261 896 401 959 facturos
432 915 503 958 esse
523 896 718 978 suspicaturss
762 898 809 958 Αο
839 897 942 978 prinra
972 896 1100 978 quidem
1131 896 1257 960 illarum

150 997 370 1076 particularum
400 999 511 1079 incipit
535 998 575 1061 ab
598 997 647 1060 his
671 999 787 1061 verbis:
820 997 895 1062 Εἰσὶ
926 997 961 1062 δὲ
992 998 1047 1061 καί
1079 999 1157 1082 περὶ
1186 999 1258 1062 τῶν

148 1091 250 1162 ἄλλων
277 1092 369 1183 αὐτῷ
399 1095 492 1182 λόγοι
514 1097 600 1185 πρός
630 1097 669 1164 τό
692 1101 884 1182 φενακίζειν
906 1099 990 1183 ὑμᾶς
1013 1087 1049 1164 εὖ
1077 1124 1259 1186 μεμηχανή-

146 1200 241 1281 γιένοι,
273 1203 351 1286 περὶ
374 1189 424 1266 τόν
445 1203 579 1280 βέλτιον
601 1191 687 1284 ὑμᾶς
709 1204 928 1285 προακοῦσαι.
983 1201 1074 1266 Unde
1098 1212 1257 1268 oratorem

147 1304 235 1366 etiam
259 1305 337 1387 alia,
360 1325 444 1386 quae
467 1312 595 1388 practer
617 1325 666 1384 ευ,
689 1324 773 1386 quae
789 1305 831 1367 ad
854 1305 942 1387 leges
965 1311 1114 1388 spectent,
1137 1307 1259 1369 Andro-

146 1405 253 1469 tionem
277 1407 382 1488 ipsum
406 1408 624 1489 oppositurum
654 1427 724 1471 esse
747 1407 871 1488 videat,
901 1414 976 1471 ante
999 1426 1154 1490 occupare
1177 1408 1259 1473 velle

145 1506 279 1573 efficitur.
325 1510 351 1572 Ε
375 1510 491 1591 quibus
514 1509 701 1573 commentis
721 1509 927 1572 Androtionis
951 1509 1086 1592 primum
1110 1512 1258 1574 continno

144 1612 291 1690 sequitur:
332 1611 401 1676 ἐστὶ
433 1604 495 1696 γὰρ
527 1606 572 1687 εἷς
602 1605 696 1694 abaco
726 1613 896 1689 τοιοῦτος,
933 1608 977 1696 μή
1014 1613 1259 1688 πεντακοσίους

144 1705 233 1795 ὑμῶν
257 1706 371 1778 αὐτῶν
388 1707 572 1794 ἀφελέσθαι
586 1711 651 1797 τήν
675 1707 805 1798 δωρεὰν
819 1715 901 1798 μηδὲ
919 1705 1039 1785 ὀνείδει
1055 1719 1256 1800 περιβαλεῖν.

144 1812 228 1889 Quae
258 1817 343 1880 ratio
373 1824 525 1898 quantum
558 1817 601 1880 ad
624 1817 763 1880 iudicum
793 1816 1043 1881 misericordiam
1068 1819 1258 1882 movendam

143 1917 254 1999 valeat,
277 1937 372 1982 nemo
395 1925 444 1982 est
466 1918 542 2000 quin
566 1919 690 2002 videat,
712 1937 825 2000 neque,
848 1925 1001 1999 quantum
1026 1920 1160 1982 oratoris
1183 1920 1260 1983 inte·

143 2038 224 2082 resse
247 2020 395 2084 debuerit
419 2021 540 2085 diluere
563 2020 651 2084 illam
669 2020 815 2102 quamvis
830 2022 978 2086 tenuibus
1002 2020 1153 2102 artificiis,
1176 2022 1259 2102 quis-

142 2142 230 2202 quam
255 2124 317 2188 erit
340 2125 416 2203 quin
431 2123 610 2204 intellegat.
655 2121 756 2200 Quam
780 2123 1004 2188 refutationem
1026 2131 1131 2188 orator
1155 2124 1258 2188 absol-

142 2224 180 2286 vit
195 2226 302 2289 verbis
320 2225 368 2287 bis
384 2224 467 2308 (37):
492 2219 570 2290 ὡστ’
588 2225 615 2288 εἰ
630 2221 771 2310 μηδενός
787 2218 894 2290 ἄλλον
910 2221 1017 2304 ἕνεκα,
1034 2221 1088 2289 όιά
1102 2249 1137 2308 γε
1153 2227 1258 2290 ταῦτα

141 2327 419 2413 καταψηφιστέον.

220 2432 395 2512 Postquam
419 2430 556 2513 primum
579 2449 617 2494 ex
642 2431 848 2494 Androtionis
871 2430 1057 2495 commentis
1080 2430 1141 2512 eis,
1173 2450 1258 2511 quae

139 2553 195 2596 non
220 2533 264 2595 ad
289 2534 379 2612 leges
394 2533 484 2616 ipsas
500 2539 652 2616 spectant,
684 2540 790 2596 orator
813 2532 950 2614 infregit,
973 2552 1043 2596 eum
1063 2531 1106 2594 ad
1122 2533 1256 2596 alterum

138 2655 374 2718 progressurum
407 2654 477 2699 esse
507 2642 740 2717 exspectamus
799 2637 841 2696 At
872 2635 1034 2716 proxima
1051 2634 1257 2717 paragrapho

138 2736 212 2821 (38.)
229 2739 309 2819 quid
326 2737 470 2801 violemus
487 2737 660 2820 scriptum?
684 2727 719 2802 ⁰0
742 2738 859 2800 τοίνυν
875 2732 991 2820 ἕτερον
1015 2737 1065 2800 δεῖ
1079 2727 1122 2820 μή
1139 2741 1258 2800 λαθεῖν

137 2829 228 2922 ὑμᾶς,
262 2831 453 2904 ἀκούσατε.
486 2840 563 2916 ίσοις
594 2831 794 2924 ἀναβήσεται
826 2839 882 2902 καὶ
917 2852 1050 2923 συνερεῖ
1084 2843 1123 2920 τή
1153 2842 1258 2920 βουλή

140 2944 309 3016 Φίλιππος
332 2943 388 3006 καὶ
402 2933 585 3026 Ἀντιγένης
608 2943 664 3006 καὶ
687 2936 705 3006 ό
730 2933 953 3026 ἀντιγραφεὺς
976 2942 1031 3004 καί
1052 2964 1139 3017 τινες
1162 2934 1257 3005 όλλοὶ

137 3048 221 3128 seqq.
267 3045 339 3108 Non
363 3045 460 3124 igitur
483 3045 711 3110 Androtionem
734 3046 839 3126 ipsum
863 3051 969 3107 (nator
992 3043 1115 3125 refellit,
1139 3044 1258 3108 sedne

136 3149 201 3211 eius
224 3149 421 3229 collegarum
445 3168 501 3229 pro
525 3154 638 3211 senatu
660 3167 772 3229 preces
795 3147 930 3210 audiant
952 3131 1076 3211 iudices
1098 3147 1258 3211 admonet.

136 3248 222 3326 Quas
254 3269 367 3333 preces
395 3251 484 3314 reicit
515 3270 615 3331 usque
645 3251 687 3312 ad
717 3249 809 3314 finem
833 3254 926 3330 ξεί,
957 3257 988 3312 et
1018 3252 1103 3330 §42
1131 3250 1257 3313 demum

136 3352 270 3416 alteram
308 3351 513 3415 Androtionis
545 3353 702 3416 rationem
740 3358 875 3435 occupat
905 3351 955 3414 his
984 3351 1101 3416 verbis:
1136 3351 1257 3435 Οἲογιεν

136 3457 256 3519 τοίνυν
272 3446 379 3518 αὐτόν
396 3444 467 3518 otlo'
491 3452 632 3518 ἐκείνων
648 3444 830 3534 ἀφέξεσθαι
846 3458 915 3518 τῶν
932 3450 1063 3537 λόγιον,
1076 3447 1128 3518 ότι
1151 3457 1257 3518 ταῦτα

136 3547 234 3620 παντ)
260 3547 354 3638 anaqi
378 3552 432 3619 διὰ
462 3548 520 3631 τὰς
545 3551 726 3638 εἰςπρόξεις
749 3556 886 3639 γέγονεν
914 3575 1015 3638 seqq.,
1053 3576 1137 3637 quae
1159 3557 1258 3638 parti-

135 3660 206 3722 cula
231 3663 314 3735 §lb
338 3659 386 3721 bis
413 3658 518 3722 verbis
541 3658 731 3722 absolvitur:
761 3660 816 3722 καὶ
841 3659 916 3741 περὶ
945 3659 1007 3741 μὲν
1034 3661 1184 3738 τοῦταιν,
1216 3654 1256 3724 ὃν

135 3758 266 3842 τρόπον
305 3751 389 3841 ὑμᾶς
419 3751 602 3844 όπαγαγοόν
639 3753 705 3824 ἀπὸ
744 3763 806 3826 τοῦ
843 3757 951 3843 νόμου
980 3751 1257 3845 παρακρούεσθαι

136 3857 274 3950 ζητήσει,
298 3865 353 3926 καὶ
378 3857 398 3926 ό
422 3859 506 3946 πρός
529 3853 630 3927 ταῦθ’
654 3853 738 3944 ὑμᾶς
766 3854 1042 3948 μνημονεύοντας
1063 3860 1107 3948 μή
1129 3862 1256 3948 ἐπιτρέ-

136 3989 211 4030 πειν
241 3961 415 4050 προςήκει,
449 3963 561 4029 πολλὰ
592 3965 700 4048 λέγειν
730 3963 815 4047 ἐ’χοιν
847 3963 910 4043 ἐ’τι,
942 3967 998 4029 καὶ
1027 3956 1130 4030 ταῦθ’
1158 3959 1257 4030 ἱκανὰ

137 4063 219 4132 εἶναι
250 4070 413 4152 νομίζων,
445 4059 541 4132 ἐάσοι.
596 4068 686 4144 Quae
716 4088 786 4130 curn
818 4069 864 4132 ita
892 4071 970 4147 sint,
1001 4070 1111 4148 quaeri
1143 4076 1256 4152 potest

138 4190 211 4234 num
243 4192 299 4236 suo
330 4171 398 4235 loco
429 4160 586 4253 particula
617 4171 675 4233 illa
698 4170 817 4250 media,
847 4189 911 4251 qua
935 4179 1115 4234 senatorum
1145 4190 1256 4255 preces

138 4272 329 4353 refelluntur,
351 4276 371 4337 i.
387 4294 412 4337 e.
428 4276 467 4352 ἐξ
481 4275 630 4353 38.—rr.‚
652 4273 758 4354 posita
775 4272 823 4354 sit,
845 4291 883 4336 ac
898 4291 960 4336 nou
976 4279 1049 4355 post
1064 4272 1156 4336 finem
1172 4276 1191 4352 ξ
1207 4275 1255 4338 46.
