2954 4824
740 1384 798 1466 II.

544 1557 613 1628 DE
641 1554 989 1632 TIMOORATEA.

720 1707 820 1721 —A—

295 1783 482 1894 Coniuncta
499 1847 571 1891 cum
587 1826 805 1892 Androtionea
821 1829 889 1892 cius
913 1827 1074 1910 orationis,
1097 1849 1195 1910 quam
1217 1831 1330 1895 Demo·

210 1929 337 1996 sthenes
353 1930 386 1994 in
404 1930 627 2012 Timocratem,
643 1929 849 1994 Androtiouis
865 1931 1045 2011 satellitem,
1069 1931 1172 1996 eidem
1189 1933 1330 1997 Diodoro

209 2053 341 2098 causam
365 2034 472 2117 agenti
496 2026 690 2117 conscripsit,
713 2039 744 2097 et
768 2033 848 2096 ratio
873 2040 903 2098 et
926 2034 1133 2116 investigatio
1157 2041 1214 2100 est.
1253 2035 1329 2100 Oum

210 2144 319 2201 autem
342 2137 374 2201 iu
398 2137 504 2221 priore
535 2156 634 2200 causa
661 2137 886 2200 Euctemouem
915 2137 1045 2220 primas,
1077 2136 1235 2202 secundas
1259 2139 1331 2202 Dio-

209 2239 321 2302 dorum
344 2245 454 2323 partes
485 2239 663 2324 suscepisse
686 2237 867 2320 videamus,
898 2237 931 2302 in
954 2238 1014 2303 hac
1042 2244 1165 2304 actores
1188 2240 1331 2305 ordinem

209 2341 420 2406 mutaverunt.
464 2343 579 2424 Itaque
600 2340 849 2408 Androtioneam
882 2342 1139 2426 ocorspotoyla'v
1167 2362 1252 2425 quae
1282 2364 1332 2409 vo-

209 2450 308 2526 catur,
331 2444 569 2509 Timocrateam
592 2450 697 2508 autem
722 2444 963 2527 πρωτολογίαν
991 2462 1061 2508 esse
1085 2449 1333 2511 cousentaneum

116 2597 120 2606 .
209 2550 266 2610 est.
310 2543 416 2623 Quare
440 2547 552 2612 mirari
573 2567 636 2610 non
659 2565 838 2630 possumus,
868 2545 954 2626 quod
977 2545 1009 2608 in
1032 2547 1237 2611 Timocratea
1261 2547 1333 2612 ube·

209 2648 275 2712 rius
298 2653 329 2713 et
352 2649 511 2733 copiosius
534 2669 585 2714 res
608 2654 762 2712 tractatur
786 2668 882 2730 quarn
905 2647 937 2712 in
960 2649 1166 2715 Androtinea.
1220 2649 1333 2731 Neque

209 2749 390 2832 defuerunt,
413 2753 467 2834 qui
490 2751 574 2817 hanc
597 2769 723 2833 quoque
746 2751 924 2816 orationem
941 2751 1040 2814 variis
1062 2751 1102 2815 de
1125 2751 1232 2816 causis
1255 2752 1334 2817 vitu-

210 2855 402 2938 peraverint,
426 2874 558 2936 quorum
575 2853 713 2918 virorum
737 2853 858 2917 iudicia
881 2853 1018 2918 breviter
1041 2852 1234 2918 adumbrare
1258 2855 1335 2918 utile

207 2954 341 3036 videtur,
364 2956 550 3040 priusquam
573 2955 615 3020 ad
646 2954 822 3020 orationem
852 2955 956 3039 ipsam
987 2955 1169 3019 accuratius
1193 2961 1333 3022 tractan-

114 3099 120 3116 .
208 3057 283 3122 dam
306 3059 467 3124 accedam.

293 3167 399 3244 Atque
433 3163 487 3243 qui
524 3161 647 3245 primus
679 3161 902 3225 Timocrateae
936 3159 1196 3244 compositionem
1230 3181 1332 3244 repre-

208 3262 336 3348 hendit,
374 3257 563 3328 Beuselerus
574 3262 597 3348 1)
632 3261 770 3328 mediam
801 3261 890 3326 illam
922 3270 1061 3346 partem,
1095 3282 1178 3345 quae
1209 3263 1284 3329 inde
1312 3283 1332 3326 a

207 3372 225 3442 ξ
245 3370 312 3430 110.
343 3384 443 3449 usque
466 3365 508 3428 ad
531 3367 635 3447 §lat
660 3359 735 3430 οἶδα
760 3355 788 3429 δ’
804 3355 856 3430 ὅτι
879 3365 1023 3450 pertinet,
1046 3365 1131 3447 eicit,
1162 3385 1231 3430 cum
1265 3387 1332 3451 pro

210 3476 321 3553 pterea
344 3469 428 3550 quod
451 3488 489 3532 ex
518 3468 629 3532 ceteris
652 3467 796 3531 eiusdem
819 3466 971 3531 orationis
993 3466 1137 3552 partibus
1160 3469 1332 3534 earundem

209 3571 442 3635 sententiarum
466 3570 599 3634 eaedem
615 3569 822 3634 formationes
838 3569 958 3633 multae
981 3568 1230 3652 repetantur,·id
1249 3569 1331 3653 quod

208 3693 228 3737 a
259 3672 490 3746 Demosthenis¹
517 3692 576 3736 usu
607 3671 701 3756 longe
732 3671 917 3754 abhorreat,
958 3679 1023 3736 tum
1055 3672 1140 3754 quod
1172 3674 1330 3738 vocalium

207 3775 290 3838 inter
320 3794 415 3839 voces
446 3793 616 3840 concursus
648 3781 758 3838 contra
787 3793 907 3838 morem
939 3773 1164 3839 Demosthenis
1193 3774 1331 3840 evitatus

207 3896 271 3939 non
294 3876 344 3941 sit.
387 3876 458 3941 Huc
481 3875 613 3958 accedit,
636 3877 720 3959 quod
743 3877 776 3938 in
799 3874 818 3962 ξ
838 3878 905 3942 187.
929 3872 1000 3958 post
1017 3876 1122 3958 verba,
1152 3896 1236 3958 quae
1259 3883 1331 3942 sunt

208 3973 284 4044 οἶδα
309 3969 337 4044 ὅ
353 3971 416 4062 ὅτι,
439 3980 660 4064 inexspectato
684 3979 787 4043 oratio
811 3978 1085 4064 adflimocratem
1109 3981 1234 4064 transit,
1261 4000 1330 4045 cum

207 4081 426 4147 antecedentis
449 4081 605 4146 enuntiati
629 4082 806 4147 subiectum
829 4080 1005 4148 Androtion
1038 4081 1087 4146 sit
1137 4080 1260 4158 Quibus
1281 4102 1330 4146 ra-

293 4252 316 4318 1)
332 4249 367 4304 de
386 4249 472 4314 hiatu,
490 4266 517 4318 p.
534 4251 578 4302 123
592 4264 671 4318 seqq.
