2998 4826
603 468 780 521 „9-

81 632 205 682 contra
223 627 304 698 leges
324 643 340 682 a
358 627 474 682 Lacrito
494 626 638 682 obiectam
657 642 737 696 csse,
761 632 793 682 ut
817 627 927 682 iudices
952 643 1121 698 persuasum
1143 629 1278 700 habeant,

81 733 233 804 scriptori
253 751 293 788 or.
312 734 431 789 XXXV.
450 731 632 788 officiendum
652 738 705 792 cst.
1289 719 1294 723 ’

191 859 256 914 Jam
276 859 300 914 si
318 835 489 928 quaerimus,¹
509 874 566 926 qua
585 857 696 913 ratione
713 863 810 913 orator
823 859 968 913 Lacritum
982 860 1094 915 actione
1108 861 1278 916 mercatoria

82 965 193 1020 teneri
212 966 329 1020 studeat
347 965 487 1034 evincere,
506 965 627 1033 primum
647 970 692 1020 cst
711 965 863 1021 dicendum
883 981 947 1020 eum
967 983 1002 1021 ue
1016 968 1198 1024 contendisse
1218 967 1278 1037 qui-

83 1073 166 1128 dem
185 1071 382 1128 adversarium
402 1086 465 1126 esse
485 1076 682 1126 mercatorem.
719 1072 792 1125 Tum
812 1087 865 1126 nec
883 1072 962 1142 illud,
985 1073 1122 1128 Androcli
1142 1090 1205 1128 cum
1224 1075 1279 1130 La-

85 1183 172 1237 crito
192 1186 370 1237 contractum
390 1195 463 1248 esse,
483 1185 583 1249 aperte
603 1179 686 1250 dicit,
707 1177 832 1233 affirmat
849 1179 946 1248 potius
964 1180 1085 1249 primum
1104 1180 1179 1236 hunc
1197 1183 1278 1252 polli-

87 1291 189 1346 citum
209 1303 273 1343 esse
293 1293 322 1342 et
340 1286 445 1341 fratres
465 1291 495 1340 et
512 1301 543 1340 se
562 1287 655 1355 ipsum
674 1286 803 1355 legitima
820 1303 955 1357 quaeque
974 1289 1066 1342 actori
1078 1295 1278 1358 praestaturos

91 1411 167 1450 esse
187 1398 213 1462 (ξ
227 1396 251 1449 8.
271 1400 409 1468 Λακρίτου
428 1397 535 1446 τουτονὶ
549 1389 756 1465 ἀναδεχομένου
768 1414 820 1463 μοι
831 1389 910 1449 πάντ’
925 1395 1033 1447 ἔσεσθαι
1048 1390 1082 1447 τά
1096 1395 1189 1449 δίκαια
1202 1393 1278 1472 παρά

92 1502 157 1557 τῶν
176 1497 302 1572 ἀδελφῶν
318 1499 371 1556 τῶν
390 1499 486 1554 ἑαυτοῦ
506 1501 622 1565 ell.§§7
642 1505 671 1555 et
690 1501 738 1572 153
758 1503 827 1566 516.
848 1495 930 1560 αὐτὸς
947 1497 1000 1572 γάρ
1019 1501 1071 1571 ἔφη
1089 1499 1210 1570 ποιήσειν
1227 1525 1279 1576 μοι

92 1604 138 1661 τὰ
156 1609 251 1662 δίκαια
271 1600 397 1675 ἅπαντα),
416 1606 520 1662 deinde
540 1606 684 1661 Lacritum
703 1607 795 1675 ipsum
813 1607 1010 1678 syngrapham
1031 1614 1061 1663 et
1079 1609 1227 1679 scripsisse
1249 1618 1278 1666 et

94 1715 302 1785 obsignavisse
328 1716 354 1780 (ξ
374 1714 415 1768 15.
441 1709 538 1767 τούτου
563 1708 646 1767 αὐτοῦ
671 1709 827 1786 γράφοντος
851 1720 896 1767 καὶ
921 1719 1188 1788 συσσημηναμένου),
1218 1722 1277 1772 tum

97 1823 246 1878 Lacritum
259 1837 311 1890 pro
325 1819 470 1890 fratribus,
490 1819 537 1889 qui
551 1819 673 1875 minores
686 1826 756 1875 natu
772 1826 863 1890 erant,
884 1822 1080 1877 mutuantibus
1094 1838 1204 1877 omnem
1218 1840 1276 1878 rem

95 1931 198 1999 egisse
218 1929 329 1998 sibique
350 1929 473 1982 animum
487 1928 638 1982 advertere
651 1927 767 1982 iussisse
787 1930 813 1996 (ς
829 1929 870 1986 16.
898 1917 977 1988 οὗτος
993 1921 1025 1995 ἦν
1037 1923 1052 1981 ὁ
1065 1926 1154 1985 πάντα
1168 1931 1278 1986 διοικῶν

92 2042 145 2089 καὶ
164 2036 251 2104 ἑαυτῷ
268 2054 304 2108 με
322 2031 371 2092 τὸν
389 2035 455 2092 νοῦν
472 2039 614 2109 προςέχειν
632 2036 767 2104 ἐκέλευεν),
787 2035 910 2104 denique
924 2035 1039 2089 Laerito
1059 2041 1176 2092 auctore
1190 2037 1277 2092 Arte·

94 2159 211 2198 monem
225 2148 255 2197 et
263 2142 469 2212 Apollodorum
484 2147 660 2196 contractum
673 2141 826 2196 violavisse
837 2144 863 2208 (ξ
877 2142 918 2196 ll.
932 2137 1000 2195 κατὰ
1014 2141 1044 2195 δὲ
1057 2138 1105 2210 τὴν
1118 2140 1278 2216 συγγρορίιν

92 2245 146 2316 τὴν
171 2247 296 2314 ναυτικὴν
313 2285 348 2294 -
368 2244 428 2304 οάτε
451 2255 524 2322 μέγα
550 2244 610 2303 οὔτε
633 2246 734 2322 μικρὸν
758 2251 890 2325 ἔπραττον
908 2284 949 2313 -,
977 2245 1066 2304 οἶτοσὶ
1092 2251 1123 2305 δὲ
1140 2248 1278 2325 Λάκριτος

98 2351 230 2414 ἁπάντων
248 2350 280 2426 ἦν
296 2354 398 2414 τούτων
416 2353 431 2410 ὃ
450 2354 570 2439 ἐξηγητής
589 2359 632 2413 cll.
652 2364 684 2424 ἕξ
697 2359 732 2412 22
752 2363 782 2412 ct
799 2359 854 2426 28).
886 2358 966 2422 Quae
986 2359 1081 2413 omnia
1100 2364 1197 2412 orator
1216 2359 1276 2414 sine

100 2463 192 2518 dubio
212 2464 365 2532 contendit,
384 2469 416 2519 ut
426 2465 557 2519 Lacritus
576 2464 639 2534 ipse
658 2464 820 2534 pactionem
840 2470 869 2519 et
889 2463 1046 2520 confecisse
1066 2469 1096 2519 et
1114 2464 1278 2532 neglexisse

99 2569 245 2626 iudicibus
263 2571 446 2639 videretur1).
483 2570 591 2625 Verum
610 2576 643 2625 ut
661 2569 699 2639 id,
725 2570 802 2639 quod
824 2571 922 2639 voluit,
949 2570 985 2625 sit
1005 2575 1175 2626 consecutus
1201 2569 1278 2639 apud

96 2676 211 2732 iudices
231 2676 301 2731 satis
320 2681 455 2744 attentos,
476 2676 608 2745 equidem
628 2693 737 2731 summo
756 2693 843 2747 opere
856 2694 966 2733 vereor.
996 2677 1054 2732 Sed
1073 2683 1139 2731 utut
1156 2676 1228 2732 haec
1247 2693 1278 2732 se

97 2785 218 2854 hahent,
239 2801 301 2839 oum
320 2783 427 2839 frustra
446 2800 570 2853 quaeras
590 2783 791 2853 testimonium,
811 2799 867 2852 quo
886 2783 924 2852 id,
944 2783 1022 2851 quod
1036 2783 1193 2852 contendit,
1214 2799 1279 2838 con-

98 2889 239 2957 firmetur,
263 2890 355 2946 verba
380 2891 502 2945 oratoris
520 2888 599 2943 nihili
619 2889 798 2944 aestimanda
817 2894 891 2942 sunt.
930 2888 1042 2953 Quare
1062 2887 1187 2942 iudicum
1212 2888 1279 2943 nihil

101 2997 241 3053 interesse
269 3000 363 3068 potuit
390 2998 604 3053 accuratissime
633 3000 813 3052 enarrantem
838 2997 906 3049 'eum
938 2995 1037 3050 audire
1069 2994 1280 3064 maximamque

104 3109 216 3173 partem
235 3106 404 3160 testimoniis
423 3106 509 3171 etiam
528 3105 709 3174 probantem,
734 3119 817 3172 quem
838 3102 1009 3157 admodum
1029 3103 1175 3158 debitores
1194 3101 1280 3158 fidem

101 3211 246 3280 pactionis
264 3213 410 3281 rupissent
428 3215 471 3280 (βξ
492 3211 607 3280 18-27,
626 3211 741 3280 36-37,
754 3209 881 3280 tao-54),
900 3211 946 3264 vel
965 3209 1096 3266 refellere
1116 3211 1280 3266 studentem

102 3334 148 3388 ea,
159 3319 372 3388 quaeLacritus
382 3318 571 3373 creditoribus
581 3317 937 3387 pecuniamropctentibus
948 3317 1095 3373 obiecerat
1102 3321 1145 3386 (ξς
1153 3319 1280 3387 sta—35).
1345 3381 1349 3390 „

103 3427 133 3480 Is
154 3431 250 3480 autem
269 3425 389 3495 primum
409 3425 598 3480 contenderat
617 3440 726 3480 merces
740 3425 818 3478 *navi
843 3425 1000 3493 impositas,
1026 3441 1099 3493 quas
1125 3425 1281 3480 secundum

102 3531 301 3603 syngrapham
321 3547 356 3586 ex
375 3533 467 3587 Ponto
492 3533 521 3586 in
540 3534 632 3586 locum
652 3531 786 3586 mercium
806 3530 927 3586 Athenis
951 3531 979 3584 in
999 3531 1122 3585 Pontum
1146 3531 1282 3600 importa-

101 3645 198 3692 tarum
218 3638 349 3693 Athenas
368 3639 510 3693 revecturi
529 3637 659 3707 fuissent,
679 3637 830 3707 naufragio
849 3637 989 3692 interiisse
1009 3638 1035 3703 (5
1048 3638 1102 3706 31).
1142 3637 1221 3702 Quae
1241 3639 1282 3692 di-

101 3750 216 3800 centem
235 3751 267 3799 ut
285 3743 400 3814 refutet,
419 3751 516 3800 orator
535 3745 704 3800 testimoniis
722 3751 753 3799 ct
768 3749 942 3814 argumento
952 3743 1124 3812 comprobat
1142 3761 1199 3799 non
1213 3760 1282 3799 cam

104 3868 216 3921 navem,
236 3853 264 3906 in
284 3869 341 3922 qua
354 3852 514 3908 Androcles
534 3869 583 3908 aes
598 3851 791 3921 collocaverit,
810 3851 914 3906 fecisse
927 3848 1119 3920 naufragium,
1139 3851 1191 3906 sed
1210 3867 1283 3920 eam,

195 4050 217 4118 ¹)
237 4046 279 4102 Cf.
299 4048 397 4116 verba,
423 4064 470 4116 qu.
489 4063 510 4102 s.
530 4047 559 4102 in
577 4047 677 4102 Liban.
698 4063 823 4115 argum:
846 4041 1007 4118 Ἀνδροκλῆς
1026 4078 1060 4086 -
1080 4042 1230 4120 εἰσπράττει
1249 4076 1282 4084 -

96 4135 247 4212 ,Λάκριτον
265 4168 299 4176 -
319 4133 370 4190 tto
388 4133 609 4210 προβαλλόμενος
627 4136 727 4198 δίκαια,
754 4127 796 4188 ὅτι
813 4153 841 4188 τε
859 4131 994 4210 παρόντος
1006 4141 1146 4209 Λακρίτου
1158 4139 1202 4186 καὶ
1218 4129 1283 4189 άνα·

105 4229 257 4300 δεξαμένου
275 4221 307 4278 τό
327 4221 458 4300 άργάριον
476 4221 597 4282 ἐδάνεισε
615 4224 653 4293 τῷ
671 4219 821 4297 Ἀρτέμωνι
839 4254 882 4278 -.
