2998 4826
703 203 742 261 14

146 371 344 468 reiicienda1).
367 426 406 436 —
429 388 597 452 Videturne
617 387 681 462 tibi,
704 408 820 466 quaes0,
844 387 1018 464 alterutra§
1040 409 1102 448 non
1117 406 1180 446 esse
1195 385 1305 464 scripta

145 493 405 554 aDemosthene?
428 529 468 538 -
491 492 638 553 Neutrum
665 510 725 550 non
754 510 817 550 esse
846 491 1003 552 oriundam
1031 491 1069 551 ab
1099 490 1163 569 ipso
1191 495 1306 548 oratore

144 603 225 676 puto.
268 594 389 656 Etenim
410 595 488 656 inest
508 594 540 654 in
561 593 679 653 duabus
702 591 805 653 eadem
826 593 921 672 pietas
943 614 1015 673 erga
1035 613 1145 653 numen
1162 591 1307 662 divinum,

146 698 250 760 eadem
272 696 411 759 voluntas
434 717 503 776 erga
530 696 694 769 civitatem,
722 696 800 756 idem
829 716 970 757 numerus
1000 694 1153 768 orationis,
1181 692 1309 771 denique

146 800 251 862 eadem
272 800 404 879 grauitas
425 808 454 860 et
477 799 569 859 animi
590 807 620 859 et
641 798 766 859 dicendi.
788 834 828 842 -
851 799 909 860 sed
932 820 993 880 qua
1014 799 1051 860 de
1072 817 1170 869 causa,
1200 794 1309 856 amabo

146 911 184 976 te,
206 903 331 964 eandem
352 901 530 962 sententiam
552 909 690 980 putemus
712 901 871 980 dupliciter
892 901 1125 963 aDemosthene
1140 905 1309 960 enarratam

148 1007 231 1067 esse?
255 1004 353 1064 —Id
375 1003 494 1066 videtur
513 1003 618 1064 fecisse
639 1012 794 1082 tamquam
816 993 1039 1084 ἁμιλλώμενος
1061 995 1145 1086 πρὸς
1159 989 1261 1078 αὑτόν,
1284 998 1310 1060 si

149 1107 250 1170 Photii
262 1106 361 1169 verbis
373 1106 396 1184 ²)
412 1105 457 1166 uti
469 1104 546 1166 licet
575 1105 702 1167 Constat
714 1107 800 1180 enim,
813 1127 903 1186 quam
914 1107 1042 1167 multum
1060 1104 1184 1167 oratoris
1195 1101 1312 1164 intersit

150 1209 276 1271 exordio
299 1208 413 1268 animos
435 1207 620 1272 audientium
643 1208 699 1269 sibi
722 1208 886 1270 conciliare.
929 1209 1016 1269 Fidei
1043 1209 1134 1289 igitur
1165 1206 1311 1268 absonum

150 1333 210 1373 non
231 1320 276 1372 est
307 1331 383 1384 eum,
406 1310 490 1370 cuius
512 1309 698 1390 diligentiam
720 1311 860 1390 permulti
882 1310 1095 1385 laudaverunt,
1123 1329 1243 1372 summa
1263 1328 1313 1368 cu·

151 1435 186 1476 ra
207 1413 239 1474 id
261 1412 362 1492 egisse,
385 1413 472 1472 utin
494 1433 549 1473 sua
570 1412 665 1492 ipsius
687 1434 779 1475 causa
799 1413 977 1494 gravissima
994 1415 1016 1494 ⁸)
1038 1413 1159 1474 exordio
1181 1419 1314 1472 uteretur

152 1516 290 1578 omuibus
305 1514 443 1589 numeris,
466 1515 490 1575 si
512 1515 574 1574 fieri
588 1524 694 1594 posset,
717 1516 861 1579 absoluto.
904 1515 1019 1578 Idcirco
1041 1537 1106 1577 eam
1129 1513 1313 1588 sententiam,

153 1639 231 1702 quae
251 1626 349 1699 potest
370 1617 465 1679 videri
486 1615 581 1678 veluti
602 1617 757 1696 fastigium
779 1638 842 1680 esse
862 1617 953 1678 totius
969 1617 1089 1692 exordii,
1111 1618 1143 1678 in
1165 1615 1315 1697 duplicem

154 1723 281 1786 formam
301 1720 421 1799 redegit
445 1725 479 1796 ἐξ
505 1724 521 1779 1
544 1728 575 1780 et
598 1723 625 1782 8.
660 1719 765 1780 Potuit
787 1727 887 1780 autem
906 1720 1061 1781 exordium
1083 1729 1136 1782 aut
1158 1741 1177 1781 a
1199 1740 1316 1782 summa

155 1824 303 1892 sententia
323 1823 431 1883 initum
453 1842 558 1902 capere
580 1829 634 1882 aut
655 1841 773 1882 summa
794 1821 944 1883 sententia
965 1822 1125 1884 terminari.
1169 1823 1240 1885 Sive
1261 1822 1316 1882 illa

156 1930 188 1990 in
209 1927 294 1989 initio
316 1924 430 1988 exordii
450 1923 589 2004 ponenda
610 1925 725 2007 eratl),
749 1944 824 2004 opus
845 1944 906 1985 non
928 1923 988 1984 fuit
1011 1931 1026 2000 ᾗ
1051 1929 1084 2000 8,
1111 1926 1174 1988 sive
1200 1925 1231 1986 in
1258 1926 1317 1987 fine

157 2029 271 2094 exordii
293 2026 588 2109 aptius‘ponebatur,
611 2046 685 2106 opus
707 2047 767 2087 non
789 2026 886 2104 fuito
912 2029 938 2088 1.
981 2029 1030 2089 De
1056 2037 1183 2109 utraque
1204 2029 1319 2091 ratione

159 2133 323 2196 sententiae
355 2129 546 2192 collocandae
577 2128 696 2190 videtur
730 2127 893 2209 aliquando
924 2130 1140 2193 Demosthenes
1167 2132 1319 2211 cogitasse.

161 2238 231 2313 Quo
252 2234 367 2295 factum
389 2241 441 2306 est,
465 2233 491 2292 si
514 2232 607 2293 animi
621 2230 836 2294 divinationem
859 2233 943 2312 sequi
958 2233 1035 2308 licet,
1057 2242 1093 2294 ut
1114 2235 1145 2296 in
1166 2234 1319 2297 volumine

160 2359 216 2401 sua
238 2335 459 2415 manuscripto
482 2334 607 2395 alteram
629 2334 659 2393 in
687 2343 829 2396 contextu
850 2336 1020 2412 verborum,
1045 2337 1170 2398 alteram
1191 2337 1223 2397 in
1244 2357 1321 2398 mar·

160 2442 229 2523 gine
250 2445 379 2521 poneret
422 2438 460 2498 Id
480 2437 553 2499 fecit
573 2458 608 2499 eo
630 2437 764 2512 consilio,
797 2446 832 2499 ut
859 2438 937 2501 duae
964 2441 1094 2501 rationes
1123 2448 1242 2519 praesto
1265 2440 1322 2502 sibi

162 2552 260 2608 essent
284 2550 374 2622 atque
396 2540 459 2621 ipse
482 2547 613 2620 tempore
634 2539 770 2614 edoctus,
802 2549 872 2602 utra
893 2550 971 2603 esset
991 2542 1107 2617 melior,
1138 2551 1192 2603 aut
1219 2543 1251 2602 in
1272 2542 1323 2604 ha·

162 2647 263 2710 beuda
293 2653 347 2706 aut
374 2644 406 2703 in
436 2641 551 2703 edenda
573 2643 705 2704 oratione
731 2643 845 2723 aptiore
871 2645 1035 2706 sententiae
1065 2645 1162 2706 forma
1183 2652 1324 2706 uteretur.

165 2750 225 2814 Sed
246 2766 371 2810 revera
391 2765 462 2805 usus
484 2752 612 2806 estune
633 2744 737 2819 forma,
760 2746 884 2807 alteram
905 2748 1009 2827 procul
1031 2747 1181 2827 habuit⁶).
1197 2783 1238 2791 —
1253 2747 1325 2810 Jam

166 2872 236 2916 vero
259 2849 311 2930 qui
331 2848 444 2908 factam
477 2855 538 2921 est,
571 2857 605 2908 ut
637 2857 764 2928 utraque
796 2850 960 2911 sententiae
987 2850 1085 2911 forma
1113 2871 1165 2930 per
1192 2849 1326 2911 'omnium

166 2964 334 3033 temporum
366 2949 481 3011 codices
511 2951 667 3029 usquead
698 2961 832 3014 nostram
854 2952 1025 3014 memoriam
1047 2955 1253 3033 permanaret?
1286 2989 1327 2998 --

168 3058 200 3118 Is
220 3057 317 3128 homo,
338 3052 390 3133 qui
411 3052 524 3132 primus
546 3073 585 3113 ex
606 3053 758 3115 volumine
779 3055 988 3118 Demosthenis
1019 3077 1112 3117 manu
1134 3055 1243 3135 scripto
1265 3076 1328 3116 ora·

142 3175 147 3184 ·
169 3159 280 3222 tionem
303 3154 545 3235 Ctesiphonteam
568 3154 617 3216 vel
639 3157 703 3236 ipse
725 3156 912 3219 describebat
932 3159 981 3221 vel
1009 3159 1047 3220 ab
1071 3159 1137 3220 aliis
1159 3158 1331 3220 describen-

170 3261 242 3323 dam
264 3259 396 3331 ourabat,
418 3259 449 3319 id
471 3260 625 3338 spectavit,
648 3267 683 3319 ut
704 3280 742 3320 ne
763 3260 919 3320 minimum
941 3261 1061 3341 quidem
1085 3261 1209 3322 verbum
1230 3260 1330 3321 interi-

171 3373 224 3438 ret,
248 3361 326 3442 quod
350 3360 388 3422 ab
410 3361 475 3441 ipso
496 3345 697 3424 Demosthene
718 3362 883 3441 profectum
906 3371 989 3424 esset
1038 3362 1150 3425 Omnia
1170 3363 1261 3443 igitur
1282 3363 1330 3424 de·

173 3467 284 3547 scripta
306 3473 390 3539 sunt,
413 3485 618 3546 quaecumque
638 3466 670 3525 in
691 3465 843 3527 volumine
871 3465 979 3546 scripto
1001 3465 1211 3527 Demosthenis
1238 3486 1331 3526 manu

244 3654 270 3723 1)
289 3655 393 3708 Videor
410 3653 478 3706 mihi
496 3653 590 3707 videre
608 3653 679 3708 hanc
699 3655 834 3707 rationem
855 3672 1008 3724 congruere
1027 3656 1060 3722 ei,
1080 3672 1162 3723 quam
1181 3653 1332 3721 Sauppeus,

178 3742 335 3797 Goethiana
352 3741 418 3807 (ind.
438 3741 522 3795 schol.
543 3741 618 3796 Gott.
640 3744 726 3810 1870),
745 3760 771 3810 p.
791 3745 807 3795 3
827 3747 855 3796 et
876 3745 978 3797 13-15
999 3744 1134 3812 exposuit.
1206 3741 1233 3810 2)
1252 3741 1334 3808 Bibl,

176 3848 204 3900 p.
219 3832 269 3884 491
285 3830 353 3883 Bek.
390 3829 417 3896 3)
436 3829 626 3899 Dem.td§8.
659 3830 722 3898 Cic,
737 3830 772 3884 de
785 3835 845 3899 opt.
860 3848 921 3901 gen.
936 3831 1067 3901 or.,§22.
1104 3831 1133 3898 4)
1147 3829 1218 3883 Huic
1230 3829 1332 3882 rationi

180 3918 284 3986 aliquid
304 3917 436 3971 momenti
455 3916 568 3970 additur
587 3935 631 3982 eo,
658 3918 821 3985 quodem,
847 3919 881 3972 de
901 3936 956 3986 or.‚
981 3920 1015 3986 ΙΙ,
1034 3922 1080 3986 77,
1106 3918 1158 3970 314
1182 3917 1336 3988 praecipit:

179 4007 225 4075 „in
245 4005 370 4057 oratione
388 4003 574 4057 firmissimum
594 4005 722 4074 quodque
741 4007 777 4060 sit
795 4007 939 4075 primum‘.
993 4008 1021 4075 b)
1039 4006 1082 4059 Ea
1098 4004 1229 4058 videntur
1246 4007 1337 4073 aliquo

179 4093 263 4147 modo
282 4093 365 4146 etiarn
385 4091 420 4144 ad
434 4092 511 4145 Dem.
531 4091 675 4146 transferri
693 4110 781 4162 posse,
800 4112 870 4162 quae
883 4094 1108 4148 Wilamowitzius
1129 4093 1263 4161 (Hermes,
1276 4093 1337 4158 XII,

180 4181 241 4250 338)
261 4180 294 4233 de
313 4179 436 4248 Thucyd.
456 4179 535 4233 dixit.
