2998 4826
207 1177 296 1240 Unus
317 1175 367 1240 vel
389 1175 464 1238 alter
478 1197 586 1251 eorum,
609 1175 660 1256 qui
682 1185 776 1238 ortem
797 1177 930 1240 criticam
952 1178 1083 1259 antiquis
1098 1177 1281 1260 temporibus

121 1280 283 1355 faciebant,
305 1301 365 1340 non
386 1279 515 1341 multum
536 1288 665 1342 remotus
694 1280 813 1342 videtur
830 1281 927 1342 fuisse
949 1281 987 1342 ab
1009 1302 1045 1342 55
1066 1282 1225 1354 sententis,
1248 1290 1283 1343 ut

123 1405 219 1464 neque
241 1383 342 1444 omnia
362 1381 513 1457 laudaret,
536 1403 613 1463 quae
637 1383 899 1446 in‘Demosthenis
922 1384 1055 1446 oratione
1069 1384 1284 1466 Ctesiphontes

123 1487 233 1566 scripta
254 1485 385 1565 legebat,
415 1505 511 1564 neque
532 1485 559 1546 ei
580 1494 744 1546 extremam
765 1507 888 1548 menum
911 1487 1067 1549 accessisse
1088 1487 1234 1550 iudicaret
1251 1489 1282 1568 ¹).

125 1588 249 1650 Plurimi
279 1596 380 1650 autem
407 1596 437 1649 et
463 1587 654 1666 antiquorum
669 1591 691 1669 3)
720 1589 874 1650 hominum
901 1599 932 1651 et
952 1598 1136 1671 posterorum
1158 1590 1283 1652 eandem

122 1693 284 1754 orationem
313 1690 417 1771 palma
445 1690 567 1770 dignam
599 1711 662 1752 esse
695 1692 948 1755 existimaverunt.
1000 1692 1060 1755 Sed
1092 1713 1131 1754 ex
1158 1713 1282 1755 numero

120 1817 230 1870 eorum,
249 1795 301 1875 qui
314 1802 383 1874 post
396 1791 480 1853 illem
496 1792 649 1854 literarum
664 1815 760 1874 poene
777 1795 974 1870 solitudinem,
997 1816 1058 1875 qus
1072 1795 1282 1858 Demosthenis

118 1899 255 1960 studium
277 1917 330 1978 per
351 1897 411 1957 duo
433 1895 495 1957 fere
516 1895 637 1958 saecule
651 1897 752 1973 iacuit,
774 1919 894 1979 operum
910 1897 1094 1960 orationibus
1108 1899 1284 1961 Demosthe·

116 2002 195 2063 nicis
215 1989 374 2074 dederuut,
396 1999 521 2079 primus,
551 2001 609 2062 nisi
630 1999 734 2075 fallor,
765 2001 912 2082 Taylorus
929 2003 951 2083 3)
985 2010 1086 2082 operto
1107 2002 1185 2064 dixit
1206 2023 1300 2079 com-¹

91 2110 96 2121 ’
115 2105 221 2188 plures
242 2105 305 2166 eius
323 2104 463 2164 orationis
485 2102 564 2165 locos
579 2104 678 2167 minus
701 2104 758 2165 sibi
772 2104 893 2185 probari
910 2125 1035 2184 eamque
1049 2104 1184 2180 formam,
1206 2126 1284 2185 quse

115 2217 165 2271 est
187 2209 219 2267 in
234 2206 384 2268 codicibus
400 2206 646 2282 Demosthenicis,
667 2207 854 2269 referendam
869 2228 932 2269 esse
946 2207 984 2268 ed
1000 2207 1076 2268 duas
1092 2201 1236 2284 ἐκδόσεις
1250 2211 1283 2291 4),

116 2303 256 2394 ἀρχαίαν
277 2318 307 2370 55
328 2301 469 2394 δημώδη,
493 2329 621 2388 querum
642 2310 668 2370 is
690 2302 895 2395 σχολιαστής,
917 2309 967 2371 cui
987 2329 1095 2371 nomen
1115 2310 1217 2372 indere
1238 2331 1283 2372 so·

115 2417 216 2477 lemus
244 2412 392 2492 Ulpiano,
425 2412 604 2474 mentionem
620 2412 745 2496 lecerat
761 2415 793 2494 ⁶).
836 2412 896 2476 Sed
923 2420 1032 2492 quotus
1062 2412 1188 2493 quisque
1215 2413 1282 2489 luit,

155 2581 158 2586 ⁴
191 2587 215 2656 1)
235 2585 356 2640 Exstant
364 2583 489 2652 vestigio.
505 2581 1284 2650 755555.815.,55.35.ΙΙΙ,(51755517677.6535551551

118 2677 229 2748 proleg.
248 2675 275 2728 in
296 2673 374 2727 Dem.
394 2687 435 2725 or.
455 2670 490 2724 de
508 2669 527 2724 f.
546 2672 609 2740 leg,
628 2671 751 2724 Misenus
765 2671 841 2738 1846,
861 2687 890 2738 p.
904 2671 946 2724 13.
980 2669 1175 2739 Compluribus
1195 2671 1284 2725 causis

118 2765 162 2832 lit,
182 2767 213 2816 ut
231 2760 394 2830 Spengelius
413 2757 478 2827 (Rb.
498 2758 578 2828 Mus,
597 2758 632 2812 N.
651 2757 690 2826 F,
710 2757 782 2826 XVI,
803 2758 863 2826 558,
881 2758 973 2826 Anm.)
996 2758 1064 2812 mibi
1082 2758 1210 2813 videatur
1227 2775 1284 2814 non

118 2855 198 2906 recte
218 2853 315 2903 contre
326 2847 483 2901 Frankeum
501 2846 664 2915 disputasse.
679 2875 711 2883 -
723 2845 848 2914 Photius,
867 2845 990 2913 bib1.‚p.
1009 2847 1059 2899 491
1080 2845 1146 2900 Bet.
1183 2845 1222 2901 Of.
1242 2863 1284 2916 55,

120 2955 193 3008 quse
210 2937 344 2991 Reiskeus
363 2935 489 3002 scripsit,
509 2935 538 2987 in
557 2932 665 2989 Scbeef.
686 2950 750 3002 opp.
769 2933 864 3001 Dem,
892 2934 927 3001 II,
948 2935 989 2987 12.
1027 2932 1198 3002 Quemquam
1217 2935 1283 3002 scio,

119 3025 190 3095 quid
213 3025 247 3078 de
273 3023 371 3078 eodem
396 3023 458 3075 loco
482 3021 644 3090 Spsngelius
670 3020 734 3084 (Rh.
753 3021 800 3088 Μ,
819 3021 853 3075 N.
872 3020 912 3088 F,
930 3020 1003 3089 XVI,
1022 3021 1097 3088 552),
1125 3021 1284 3076 Vcemslius

119 3116 204 3183 (Δημ.
222 3129 247 3164 κ.
266 3113 360 3179 Atax,
380 3128 406 3178 p.
425 3109 495 3179 379),
515 3109 636 3163 Blessius
655 3109 714 3176 (111,
735 3111 758 3176 1,
777 3109 843 3175 287,
863 3108 944 3163 Anm.
964 3112 995 3176 2,
1015 3111 1043 3161 55
1062 3109 1126 3174 295,
1144 3108 1227 3161 Anm.
1246 3109 1283 3177 7),

120 3201 154 3254 A.
174 3197 306 3272 Scheeler
324 3198 381 3266 (ΙΙΙ,
401 3200 426 3263 2,
446 3199 498 3266 59),
518 3197 550 3252 A.
570 3196 603 3250 G.
622 3196 728 3249 Becker
749 3195 814 3264 (Lit.
833 3195 882 3249 des
900 3196 988 3261 Dcm,
1006 3212 1034 3263 p.
1053 3196 1124 3265 211),
1143 3201 1228 3264 etque
1247 3197 1282 3250 sb

121 3289 211 3342 altere
229 3290 311 3354 perte
329 3285 461 3354 Tcylorus
480 3283 608 3353 (Soheef,
627 3300 691 3352 epp.
705 3282 747 3349 D,
765 3284 800 3352 II,
819 3285 872 3351 31),
891 3282 1046 3338 Boeolrhius
1065 3282 1151 3351 (Abb.
1170 3283 1197 3337 d.
1209 3283 1284 3338 Berl.¹

122 3376 183 3443 Alc,
204 3374 388 3440 1818-1819,
406 3372 474 3441 phil.
492 3371 545 3438 m,
564 3389 592 3440 p.
611 3373 664 3439 73),
684 3369 799 3439 Wolper
817 3371 974 3440 (comment.
992 3375 1064 3433 tres,
1082 3387 1110 3438 p.
1129 3371 1173 3442 25)
1192 3388 1283 3426 sense·

21 3513 22 3532 ,
121 3463 187 3516 rint.
223 3463 251 3530 2)
271 3461 334 3528 Cic,
353 3476 404 3527 or.,
423 3463 448 3528 8,
467 3460 501 3513 26
520 3462 608 3527 et38,
629 3461 686 3524 133,
705 3459 739 3512 (15
758 3462 816 3529 opt.
835 3475 897 3528 gen.
916 3475 964 3526 or,
985 3475 1008 3513 c.
1030 3460 1054 3513 5.
1084 3457 1165 3513 Dion.
1183 3455 1282 3527 Hslic,

21 3609 22 3632 2
121 3567 155 3605 π.
168 3553 248 3600 corb.
263 3545 313 3614 όν,
333 3549 375 3616 25,
394 3565 422 3616 p.
437 3550 497 3615 204,
519 3550 622 3602 10-12
634 3547 677 3616 R,
696 3547 732 3600 sd
745 3547 844 3614 Amm,
860 3549 882 3613 1,
903 3549 944 3612 12,
963 3563 990 3615 p.
1003 3548 1062 3613 746,
1078 3549 1110 3599 12
1122 3546 1164 3614 R,
1177 3547 1234 3601 iud.
1248 3548 1283 3602 de

21 3669 22 3702 3
120 3636 208 3691 Thuc.
221 3635 297 3696 fect..
311 3635 352 3702 54,
369 3651 397 3702 p.
410 3637 470 3702 948,
491 3637 611 3689 155516
629 3634 671 3702 R,
691 3651 721 3686 π.
734 3651 757 3686 τ.
770 3635 840 3688 lem.
852 3637 924 3703 Δημ.
937 3632 1013 3701 slew,
1033 3637 1074 3699 14,
1092 3652 1121 3703 p.
1136 3637 1195 3702 996,
1215 3637 1231 3689 5
1249 3634 1283 3691 R.

21 3729 22 3792 ξ
120 3725 208 3790 Theo,
225 3723 268 3776 rh.
290 3720 337 3775 Gr.
356 3722 390 3788 Il,
409 3739 436 3789 p.
455 3723 487 3775 61
509 3723 555 3791 Sp.
591 3722 633 3776 De
647 3723 762 3790 Syrieno
780 3721 815 3776 cf.
829 3719 946 3790 Scheef,
966 3737 1029 3788 epp.
1049 3721 1092 3789 D,
1109 3722 1144 3789 ΙΙ,
1164 3725 1205 3777 13.
1241 3723 1283 3777 Dc

21 3807 22 3864 ἶ
90 3849 93 3856 «
119 3812 210 3866 Plinio
231 3809 265 3864 cf.
278 3808 396 3876 Fsbric,
415 3809 482 3863 bibl.
502 3810 557 3876 Gr,
579 3809 621 3863 ed.
632 3809 687 3875 IV,
707 3809 760 3864 vol.
773 3810 809 3876 Il,
827 3826 854 3878 p.
865 3810 925 3862 825.
956 3808 999 3862 De
1010 3808 1135 3864 Aristide
1148 3809 1183 3864 of.
1197 3811 1281 3879 Teyl,

21 3891 25 3972 j',
119 3903 252 3969 Δημοσθ.
272 3900 357 3966 Aiax.
375 3899 449 3948 Δειν.
474 3899 521 3948 καὶ
547 3893 657 3966 Asper.
681 3893 715 3947 τὰ
734 3897 806 3963 aul,
836 3895 996 3966 cantabrig.
1017 3900 1099 3960 1747,
1117 3899 1151 3967 ΙΙ,
1175 3915 1203 3968 p.
1222 3900 1281 3952 594.

21 3987 22 4050 ᾗ
119 3989 152 4057 3)
170 3989 243 4056 Δημ.
262 3989 325 4053 cet,
343 3985 378 4053 II,
397 4002 424 4053 p.
444 3985 495 4038 665
513 4001 535 4037 5.
555 4002 581 4052 q.
601 4002 621 4038 s.
648 4008 675 4030 =
702 3982 823 4051 855555,
843 4000 907 4052 app.
926 3984 968 4050 D,
987 3984 1023 4052 ΙΙ,
1041 3987 1073 4038 31
1094 4001 1117 4039 e.
1137 4003 1162 4054 q.
1181 4003 1202 4040 s.
1219 3985 1280 4064 Ι(ΙΙ.

21 4095 22 4150 j
120 4073 240 4141 Sobsef,
259 4074 294 4141 ΙΙ,
315 4074 357 4126 58.
428 4073 458 4141 4)
482 4071 524 4125 De
548 4071 654 4125 duobus
677 4070 801 4127 eiusdem
825 4072 958 4127 orationis
983 4072 1154 4128 editionibus
1171 4073 1282 4127 videtur

120 4165 206 4218 etism
229 4160 420 4216 Winiewslrius
440 4161 549 4228 (comm.
568 4159 634 4215 hist.
654 4163 683 4213 et
700 4160 806 4228 chron,
823 4175 851 4229 p.
870 4162 921 4214 358
940 4161 1050 4227 55359)
1068 4160 1217 4228 aliquando
1237 4177 1283 4214 oo·

21 4231 22 4260 4
119 4253 233 4322 gitasse.
288 4248 315 4317 5)
333 4245 410 4318 ἄρχε
431 4246 465 4303 cl.
485 4245 598 4317 σχόλιον
616 4248 788 4318 adscriptum
806 4247 842 4301 ed
860 4248 948 4315 Dem,
966 4264 993 4315 p.
1013 4249 1074 4315 562,
1092 4247 1171 4301 1615.
1199 4247 1280 4317 dou:

1040 4355 1053 4402 1
