2954 4824
1237 355 1267 414 ll

156 534 266 616 Neque
289 551 364 596 vero
386 531 436 595 bis
452 531 564 614 paucis
584 529 690 594 verbis
711 529 914 612 perspicuam
931 525 1185 609 explicationem,
1207 543 1273 606 qua

154 641 285 701 senatus
308 635 409 718 ipsius
438 633 532 716 culpa
558 632 591 696 id
615 633 726 695 vitium
751 631 952 695 commissum
985 649 1055 693 osse
1087 634 1272 711 exponatur,

153 737 304 802 contineri
348 735 565 800 concedemus.
629 735 742 814 Neque
784 753 842 816 ogo
876 731 1081 813 Sohaelcro¹l
1123 730 1272 794 assentiri

151 860 297 924 possum,
333 841 388 920 qui
417 837 496 901 haec
527 837 626 902 verba
660 836 705 900 sie
733 835 885 918 explicat:
919 833 1027 912 ,Quod
1057 825 1223 898 ἀνελοῦσα
1252 826 1272 918 ἡ

150 1025 183 1064 ex
201 1009 217 1078 §
234 1013 282 1076 tr,
300 1007 349 1062 ubi
369 1009 435 1062 baec
452 1005 534 1060 velim
553 1004 700 1074 respicias:
719 996 764 1059 ότι
789 1003 819 1060 δὲ
844 998 910 1060 οὐδὲ
929 999 980 1057 τὸν
1004 1005 1093 1072 δῆμον
1112 997 1146 1076 ἐᾷ
1165 997 1273 1055 διδόναι

150 1088 187 1162 μὴ
202 1087 386 1162 ποιησαμένῃ
399 1087 449 1155 τὰς
467 1096 535 1153 ναῦς
554 1083 569 1144 ό
583 1086 704 1156 νόμος,
723 1087 772 1143 καὶ
785 1081 862 1144 τοῦτ’
876 1084 1008 1152 ἐπιδείξω
1023 1132 1027 1141 .
1042 1083 1087 1142 διὰ
1099 1092 1188 1141 ταῦτα
1207 1079 1272 1156 χόρ,

153 1169 174 1231 τό
196 1171 300 1248 ἄνδρες
318 1171 473 1245 Ἀθηναῖοι,
497 1180 601 1230 τοῦτον
620 1169 679 1244 ἐχει
706 1169 757 1228 τόν
776 1170 885 1244 τρόπον
904 1166 1048 1240 όνόμος,
1073 1189 1129 1242 quo
1153 1179 1271 1241 utroque

149 1265 209 1318 loco
228 1279 347 1332 prorsus
367 1263 462 1316 eadem
481 1261 510 1313 vi
530 1262 633 1315 dictum
653 1268 696 1315 est
713 1252 847 1328 ,ὁνόμος’
865 1267 949 1328 atque
968 1262 995 1313 in
1014 1261 1082 1329 §tlt
1119 1259 1272 1326 Seiungcn-

148 1349 211 1403 dum
230 1349 320 1417 igitur
338 1357 382 1402 est
400 1351 532 1410 ,τοῦτον
550 1362 566 1398 a
585 1346 716 1413 vocibus,
735 1361 806 1416 quac
826 1353 892 1400 suut
909 1344 962 1400 τὸν
979 1342 1078 1413 νόμον,
1102 1345 1178 1414 quod
1197 1344 1272 1396 Wol-

149 1434 202 1488 fius
221 1441 251 1488 et
269 1433 388 1488 Jurinns
407 1433 471 1486 olim
490 1433 624 1486 fecerunt.
664 1431 720 1486 Sed
745 1441 801 1486 turn
820 1433 941 1500 cuipiam
965 1448 1019 1486 vox
1042 1433 1184 1497 ,retreat
1209 1446 1270 1483 cnm

151 1534 363 1590 supervacanea
381 1525 409 1572 et
428 1517 536 1571 inutilis
559 1519 635 1570 iuxta
659 1514 724 1582 ,τόν
741 1514 845 1584 νόμονί
871 1519 922 1586 sit,
946 1518 1071 1572 eicieuda
1095 1533 1157 1572 csse
1182 1515 1271 1570 videri

147 1611 249 1674 potest,
269 1606 431 1672 praesertim
451 1620 512 1656 cum
532 1603 558 1655 iu
579 1603 668 1658 Bekk.
689 1605 795 1658 Aneed.
815 1621 841 1672 p.
856 1609 939 1669 tate
958 1604 1025 1657 haec
1045 1604 1185 1672 legantur:
1204 1596 1270 1654 Δἓίνε-

148 1695 236 1745 λοῦσα
255 1686 314 1760 γὰρ
332 1684 383 1743 τὸν
401 1685 492 1755 νόμον
513 1684 732 1764 ἐχειροτόνησεν
751 1682 831 1757 αὐτῇ,
856 1690 959 1741 omisso
985 1693 1120 1744 ,τοῦτονῖ
1157 1688 1209 1742 Cui
1228 1705 1271 1742 re-

148 1776 344 1846 spondendnm
370 1781 427 1840 est,
456 1774 569 1828 omnino
599 1789 654 1826 uon
684 1775 767 1842 plene
791 1775 870 1828 reddi
893 1775 932 1828 ibi
957 1773 1153 1828 Demosthenis
1177 1775 1270 1840 verba,

147 1863 219 1930 quod
241 1862 309 1914 iude
328 1867 451 1928 apparet,
470 1861 546 1928 qnod
565 1861 646 1914 etiam
672 1852 818 1930 ,ἢβουλὴί
844 1861 975 1913 omissum
995 1867 1049 1925 est,
1074 1868 1156 1930 atque
1182 1877 1216 1914 ex
1234 1861 1270 1915 iis

147 1962 267 2016 qnoque,
293 1961 364 2014 quae
387 1946 459 1998 idem
483 1946 677 2009 grammaticus
707 1946 742 1999 ad
765 1945 960 1999 Demosthenis
991 1946 1076 1998 verba
1104 1947 1270 2012 explicanda

145 2033 233 2098 affert,
257 2037 427 2100 quaesunt:
452 2024 595 2085 aiveinana
614 2036 717 2086 τοῦτον
735 2027 786 2086 τὸν
805 2027 896 2097 νόμον
919 2025 1138 2102 ἐχειροτόνησεν
1158 2027 1269 2087 ἐκεῖνον

147 2112 240 2187 ἑαυτῇ,
261 2116 359 2185 colligi
378 2132 461 2185 posse
480 2117 599 2182 videtur,
623 2117 699 2169 illum
719 2117 820 2178 lesisse
838 2121 975 2180 ,toirov‘⁸
1012 2117 1119 2181 Quodsi
1137 2122 1268 2181 ,τοῦτον

146 2203 332 2272 separandum
352 2217 375 2268 a,
395 2197 460 2266 ,τὸν
478 2198 581 2267 νόμον
600 2217 691 2270 neque
705 2206 795 2255 tamen
811 2201 959 2255 delendum
979 2209 1031 2268 est,
1050 2203 1190 2269 spectabit
1208 2203 1268 2256 sine

146 2289 229 2344 dubio
249 2288 287 2342 ad
305 2283 555 2357 ,ἐχειροτόνησενΙ
592 2287 647 2340 Sed
666 2294 731 2353 tum,
750 2293 781 2340 ut
799 2288 1011 2355 praestantioris
1030 2287 1135 2341 codicis
1151 2289 1179 2340 Σ
1193 2289 1268 2341 lecti-

143 2389 231 2442 onem,
251 2389 324 2441 quae
343 2380 387 2426 est
404 2365 501 2440 αότὴν,
520 2387 664 2439 ponamus,
683 2372 834 2440 quaeritur,
862 2373 929 2439 quid
949 2373 985 2425 sit
1002 2365 1032 2440 ,ἡ
1046 2367 1133 2442 βουλὴ
1161 2367 1267 2442 ἐχειρο-

142 2455 247 2528 τόνησε
267 2462 370 2513 τοῦτον
383 2452 485 2526 αὐτόν(
498 2459 541 2511 vel
560 2450 684 2524 ,αότήν“.
713 2457 786 2510 Nihil
800 2465 843 2511 est
856 2458 916 2522 hoc,
936 2459 958 2510 si
971 2459 1006 2510 ad
1019 2453 1269 2528 ,ἐχειροτόνησεν

143 2561 198 2599 non
222 2545 312 2600 solum
337 2547 470 2608 ,τοῦτονί
494 2544 544 2596 sed
567 2543 649 2596 etiam
674 2536 792 2611 ,αὐτὴνί
816 2541 975 2609 referimus,
1005 2544 1054 2596 sed
1079 2553 1128 2596 aut
1151 2536 1268 2613 ,αὑτὴν

144 2631 331 2700 separandum
351 2646 367 2682 a
385 2629 480 2696 verbo,
500 2630 574 2698 quod
589 2635 632 2682 est
651 2623 882 2698 ἐχειροτόνησεν,
901 2635 950 2682 aut
968 2621 1070 2698 ,αὕτη
1088 2631 1267 2684 scribendum

142 2722 191 2780 est,
210 2731 295 2786 quarn
314 2715 463 2768 lectionem
483 2714 656 2768 veterrimam
675 2721 784 2781 praeter
801 2715 883 2780 illam,
902 2729 983 2781 quam
1000 2715 1028 2766 Σ
1044 2715 1129 2767 solam
1143 2715 1267 2783 praebet,

146 2817 199 2854 uon
230 2801 319 2856 solum
346 2801 430 2854 ceteri
458 2800 569 2854 codices
592 2800 641 2853 sed
666 2799 748 2852 etiarn
773 2798 973 2866 Harpocration
998 2806 1026 2852 et
1050 2799 1139 2854 Bekk.
1158 2801 1266 2855 Anccd.

146 2887 338 2956 suppeditant.
363 2887 459 2953 Neque
473 2899 615 2953 perperam
631 2885 835 2938 ratiocinamur.
866 2886 934 2939 Nam
948 2887 1027 2938 iuxta
1040 2886 1266 2953 Harpocrationis

148 2972 346 3035 testimouium,
365 2972 413 3038 qui
433 2971 536 3024 diserte
556 2970 665 3024 scribit:
692 2965 722 3024 ἐν
736 2967 765 3025 δὲ
785 2976 844 3034 τοῖς
856 2963 988 3034 Ἀττικοῖς
1005 2972 1063 3037 (vel
1075 2966 1268 3038 Ἀττικιανοῖς)

146 3052 222 3126 διττὴ
235 3047 272 3126 ἦν
284 3052 381 3126 γραφή
396 3062 456 3122 eto,
480 3058 508 3108 Σ
518 3056 631 3122 codicis,
649 3057 775 3124 quamvis
789 3057 967 3123 praestantis,
986 3057 1033 3125 qui
1047 3071 1128 3110 unam
1148 3063 1266 3111 tantum-

144 3143 224 3196 modo
240 3143 386 3196 lectionem
401 3142 525 3209 praebet,
544 3141 696 3194 auctoritas
710 3140 777 3194 nibil
791 3142 873 3194 valet.
901 3141 998 3210 ltaque
1012 3158 1072 3195 cum
1086 3143 1178 3210 lectio,
1194 3160 1265 3212 qnae

146 3233 188 3281 est
207 3221 305 3296 αότὴν,
330 3227 460 3280 hocloco
479 3242 533 3279 non
559 3226 685 3294 quadret,
709 3219 809 3294 ,αὕτηί
832 3227 953 3280 seribere
977 3227 1053 3280 nulla
1077 3229 1183 3281 ratione
1203 3246 1265 3297 pro·
1327 3298 1329 3302 Ι

142 3311 277 3376 bibemur‚
300 3319 331 3366 ut
350 3313 417 3366 baec
436 3311 576 3365 sententia
594 3312 709 3365 evadat:
734 3318 849 3365 senatus
874 3313 957 3365 istum
983 3313 1035 3366 sibi
1061 3314 1157 3382 elegit,
1181 3316 1264 3368 istum

143 3397 159 3450 i.
175 3412 198 3452 e.
210 3399 423 3464 Androtionem,
447 3413 502 3451 nou
522 3403 696 3465 quaestorem
710 3396 849 3451 fabrorum
862 3398 1009 3464 navalium,
1027 3399 1062 3452 de
1080 3399 1264 3466 quodminus

143 3482 206 3536 olim
225 3483 375 3552 cogitavit;
402 3498 493 3552 neque
517 3483 587 3537 euim
613 3500 646 3536 ex
671 3484 848 3538 antecedenti
873 3487 1026 3549 enuntiato,
1052 3485 1127 3552 quod
1151 3491 1195 3538 est
1219 3477 1263 3539 ότι

142 3566 237 3622 τοίνυν
264 3561 324 3622 οὐδ’
335 3560 425 3632 αἴτιος
450 3562 536 3632 ἄλλος
559 3561 652 3633 elcale
677 3561 843 3638 όνθριόπαιν
869 3563 929 3623 ἐστὶ
954 3573 1005 3624 τοῦ
1022 3565 1061 3639 μὴ
1085 3574 1265 3640 πεποιῆσθαι

147 3643 195 3717 τός
212 3657 282 3717 ναῦς
300 3669 385 3722 seqq,
404 3654 549 3707 subaudiri
568 3661 662 3722 potest
681 3661 813 3722 quaestor
830 3654 885 3718 ille,
904 3670 964 3708 cum
983 3654 1087 3708 diserte
1106 3655 1263 3710 afferendus
1354 3651 1356 3655 ’

145 3743 226 3791 esset.
263 3737 317 3792 Sed
338 3739 404 3806 quid
426 3744 482 3792 est:
509 3745 621 3794 senatus
639 3740 723 3793 istum
743 3739 797 3792 sibi
817 3740 924 3807 clegit?
959 3739 1077 3804 Scilicet,
1098 3749 1127 3792 ut
1145 3741 1198 3794 sibi
1218 3759 1253 3809 pa

145 3822 334 3877 trociuaretur.
377 3823 421 3878 Sic
447 3825 630 3878 meoiudicio
655 3823 698 3878 hic
717 3826 795 3879 locus
814 3839 830 3876 a
849 3825 941 3877 multis
965 3831 1101 3878 tractatus
1125 3826 1263 3893 legendus

146 3907 382 3975 explicandusque
401 3915 452 3962 est.
489 3908 600 3974 Contra,
613 3909 689 3977 quod
708 3908 855 3964 Sebaetero
874 3917 902 3962 et
920 3909 1130 3964 Funkbaeuelio
1150 3911 1262 3978 placuit,

143 3980 299 4049 ,ἀνελοῦσα
323 3983 348 4060 ἡ.
362 3995 386 4062 β.
407 3987 457 4046 τὸν
476 3984 566 4058 νόμον
590 3997 702 4057 τοῦτον,
727 3995 780 4061 (sic
803 3997 1017 4062 interpungunt)
1042 3989 1262 4065 ἐχειροτόνησεν

146 4065 250 4144 αὐτὴν,
268 4074 334 4130 ferri
353 4093 408 4130 non
427 4084 528 4146 potest,
548 4079 613 4146 quia
632 4077 698 4132 haec
717 4079 830 4148 quidem
850 4081 996 4148 sententia,
1025 4095 1080 4148 qua
1099 4087 1212 4136 senatus
1232 4097 1262 4138 se

147 4156 232 4224 ipsum
253 4162 377 4230 elegerit,
395 4163 423 4215 lu
443 4164 515 4217 hune
534 4165 623 4217 locum
642 4164 836 4232 conquadrat,
856 4179 947 4234 neque
965 4172 1169 4235 ,χειροτονεῖν
1187 4166 1260 4220 idem

147 4255 202 4298 esse
219 4251 313 4314 potest
331 4254 415 4316 atque
436 4247 676 4317 ,διαχειροτονίαν
694 4244 823 4303 διδόναν.

226 4335 252 4399 l)
270 4333 414 4388 Demostb.
433 4331 554 4389 Andrct.
575 4334 617 4389 ed.
636 4335 827 4402 Fuukbaeuel,
845 4353 872 4405 p.
887 4339 928 4390 64.
