2988 4820
730 423 905 494 ,πέμ

231 594 306 667 dunt,
326 614 400 667 quae
420 593 519 667 inepta
538 601 567 652 et
585 596 680 651 inania
700 613 763 652 esse
777 597 892 657 dixeris.
929 599 1015 654 Plura
1028 605 1127 656 contra
1141 606 1199 655 tam
1213 604 1320 668 argute
1340 601 1408 656 suut

232 705 410 774 excogitata,
435 710 469 758 ut
491 704 525 758 iis
550 705 641 759 minus
668 709 794 759 attentos
814 705 959 761 auditores
978 704 1036 762 falli
1056 708 1186 778 potuisse
1206 713 1341 778 apertum
1360 709 1406 763 sit.

232 813 405 868 Testimonia
425 813 510 868 etiarn
529 813 620 866 rarius
638 812 666 866 in
686 811 737 872 his.
761 828 845 881 quam
864 811 966 866 inillis
985 814 1162 870 orationibus
1181 814 1295 874 desunt.

322 920 400 984 Quae
420 935 482 974 cum
501 918 542 972 ita
561 918 626 987 sint,
646 933 701 972 non
722 917 831 984 dubito,
850 918 917 986 quin
931 919 1053 988 scriptor
1067 922 1226 976 orationum
1239 922 1404 979 XXXXVI.

230 1013 405 1085 ιιιιιιιιιιι..
419 1025 580 1084 xxxxur.
599 1025 630 1079 a.
650 1024 711 1083 arr.
724 1024 798 1083 uun
812 1024 885 1084 uix.
904 1021 989 1080 varro
1008 1025 1215 1096 praeferendus
1235 1029 1273 1084 aa
1292 1031 1404 1086 auctori

232 1121 390 1186 orationum
409 1129 528 1190 XXXV.
546 1130 705 1185 XXXXlll.
725 1131 913 1192 xxxxvlil.

319 1228 376 1294 Sed
395 1244 430 1294 ut
446 1240 531 1295 etiam
551 1250 586 1294 ea
611 1244 789 1308 argumenta,
814 1251 888 1308 qnae
913 1231 990 1309 quod
1014 1241 1152 1297 simillima
1177 1243 1252 1298 inter·
1275 1259 1307 1299 sa
1327 1251 1403 1314 sunt,

231 1353 338 1403 summo
358 1355 446 1418 opere
465 1337 596 1416 suadent,
615 1351 647 1400 ut
666 1351 776 1416 septem
796 1324 858 1401 illas
878 1347 1021 1403 orationes
1035 1349 1072 1404 ab
1086 1342 1186 1405 eodem
1201 1357 1317 1408 oratore
1336 1370 1402 1422 pros

229 1447 321 1512 factas
341 1467 404 1511 osse
418 1446 553 1523 dieamus,
573 1455 700 1510 breviter
714 1449 951 1523 complectamur:
972 1471 1014 1523 ca,
1034 1466 1108 1525 quae
1122 1473 1187 1512 reus
1201 1459 1298 1529 obicit,
1318 1461 1402 1516 aliter

230 1557 408 1633 accipiuntur
421 1568 507 1632 atquo
521 1562 598 1616 illum
611 1559 734 1616 voluisse
749 1560 917 1617 crediderim
931 1561 1091 1618 XXXXVL
1105 1565 1121 1618 6
1139 1569 1169 1619 et
1180 1565 1343 1622 XXXXIX.
1357 1567 1400 1624 64.

228 1667 265 1724 at
283 1667 493 1726 xxxxv1.14
512 1666 776 1724 ctxxxxv11.1a
795 1673 894 1738 sperat
913 1674 1008 1723 orator
1027 1669 1135 1726 iudices
1154 1674 1294 1738 nonnulla¹
1310 1674 1400 1731 verba

227 1792 283 1831 non
303 1775 450 1831 audituros
470 1791 542 1832 esso.
571 1775 659 1839 Quam
681 1772 817 1830 nefarium
837 1774 1018 1831 adversarius
1037 1793 1068 1832 se
1087 1776 1253 1848 praebuerit
1271 1782 1300 1835 in
1320 1783 1399 1852 alios,
1467 1799 1468 1816 ι

226 1882 395 1937 testimoniis
420 1882 559 1952 probatur
582 1880 758 1937 XXXXVIl.
783 1883 817 1936 82
843 1888 872 1937 ct
896 1883 927 1937 L.
950 1884 985 1938 68
1010 1881 1057 1952 (ef.
1083 1884 1245 1943 XXXXIX.
1271 1890 1398 1958 65-68).

227 1988 360 2044 Similiter
374 1989 541 2059 scriptorem
554 1989 712 2043 orationum
727 1991 921 2058 argumentari
930 1991 1046 2059 senties,
1060 2008 1122 2047 cum
1136 1999 1271 2062 negatum
1286 1996 1398 2052 videbis

226 2093 379 2148 Pasianom
399 2110 462 2148 oum
482 2093 629 2163 praefecto
643 2095 779 2151 Boeotico
800 2101 829 2151 et
848 2113 910 2151 eum
925 2097 1095 2167 Ccplrisiade
1109 2105 1189 2155 tanta
1202 2099 1397 2159 familiaritate

227 2199 406 2255 coniunctum
425 2198 521 2271 fuisse,
540 2207 572 2255 ut
590 2200 634 2256 his
647 2201 796 2270 pecuniam
816 2203 940 2259 solveret
958 2205 1129 2273 (xxxxix,
1143 2207 1183 2261 50
1203 2213 1232 2263 et
1250 2209 1309 2264 LlI.
1322 2211 1349 2280 i)
1368 2217 1396 2266 et

226 2309 371 2378 Lyconem
384 2307 513 2378 Collippo
533 2314 591 2363 tam
605 2307 781 2363 familiariter
799 2326 879 2364 usum
900 2326 972 2381 esse,
992 2317 1024 2366 ut
1043 2312 1067 2366 ei
1088 2315 1238 2382 pecuniam
1258 2315 1335 2372 dono
1353 2335 1395 2372 re·
1466 2381 1467 2396 χ

225 2414 365 2482 linqueret
384 2416 452 2484 (Lll.
465 2415 591 2485 90-24).
625 2417 674 2470 Bis
691 2422 787 2471 orator
806 2423 902 2472 monet
922 2418 1115 2474 adversarium
1135 2422 1212 2476 nulle
1232 2424 1394 2479 testimonio
1466 2431 1467 2452 l

225 2539 269 2593 aa,
288 2538 362 2592 quae
382 2523 536 2593 obiecerat,
555 2524 737 2594 probavisse:
763 2524 921 2583 xxxxrr.
942 2526 975 2579 m
993 2531 1023 2580 at
1040 2526 1201 2582 xxrxrx.
1221 2530 1327 2585 37-41
1349 2531 1392 2599 (ef.
1466 2501 1467 2526 ¹

224 2639 307 2710 μδ).
335 2637 401 2704 Res,
420 2647 492 2703 quas
511 2630 666 2700 contendit,
685 2629 825 2685 iudicibus
844 2630 969 2699 probare
987 2648 1073 2701 posse
1092 2634 1147 2689 sibi
1159 2635 1274 2690 videtur
1286 2637 1394 2694 iuribus

223 2743 359 2807 iurandis,
378 2756 453 2811 quse
472 2743 597 2794 actorem
618 2736 756 2792 obtulisse
776 2735 845 2790 dicit
863 2737 1023 2792 XXXXlX.
1036 2738 1143 2794 42-43
1163 2745 1192 2795 ot
1210 2741 1271 2796 Lll.
1289 2744 1393 2798 17-19

223 2849 271 2920 (cf.-
281 2851 312 2904 L.
323 2849 378 2917 31).
404 2845 522 2913 Causas,
542 2859 591 2898 our
605 2841 819 2911 iusiurandum,
838 2841 916 2911 quod
929 2858 995 2898 reus
1008 2843 1160 2914 obtulerat,
1179 2862 1235 2901 non
1248 2849 1393 2918 acceperit

223 2961 253 3011 et
272 2971 321 3010 cur
341 2968 440 3008 servos
466 2951 502 3006 ad
522 2956 660 3005 torturum
686 2949 834 3019 praebitus
859 2950 1044 3018 recusaverit,
1069 2951 1153 3008 affert
1178 2953 1341 3014 XXXXIX.
1360 2956 1391 3010 65

221 3077 323 3132 proxx.
337 3063 366 3114 et
376 3057 450 3116 Llll.
461 3057 495 3110 22
505 3071 607 3126 proxx.
633 3056 778 3111 Simillima
792 3060 856 3110 sunt
868 3055 1082 3126 enthymemata
1090 3058 1120 3126 ¹),
1133 3073 1207 3126 quae
1218 3059 1390 3116 XXXXVll.

222 3167 265 3236 59,
289 3161 450 3222 xxxxix.
469 3164 513 3232 68,
538 3163 570 3222 L.
589 3163 624 3217 67
643 3162 779 3230 invenies,
805 3162 908 3231 quibus
936 3179 953 3216 a
975 3161 1114 3218 iudicibus
1139 3164 1220 3233 petit,
1246 3171 1278 3220 ut
1303 3168 1390 3222 actori
1466 3233 1467 3246 χ

222 3289 309 3330 causa
327 3271 451 3342 probata
470 3269 596 3339 faveant,
616 3269 716 3332 eodem
737 3268 851 3338 quidem
871 3267 963 3337 modo,
989 3285 1045 3338 <luo
1066 3269 1100 3338 ei,
1123 3270 1146 3324 si
1164 3270 1286 3328 iniustus
1307 3279 1389 3341 esset,
1466 3247 1467 3258 ἵ

220 3383 432 3438 succenserent.

309 3487 387 3541 Haec
417 3484 482 3540 milri
509 3483 646 3553 proposui
674 3481 849 3552 disputanda
877 3481 913 3536 de
942 3483 1189 3550 argumentatione
1215 3485 1388 3553 singularum

220 3593 388 3649 orationum.
426 3593 568 3663 Sequitur,
588 3598 620 3646 ut
639 3590 777 3645 disseram

392 3781 443 3848 ΙΙ.
478 3782 530 3847 llo
553 3729 736 3846 affectibus
760 3780 982 3861 singularum
1006 3780 1218 3846 orationum.

307 3940 431 3994 Primum
451 3940 571 3994 affectus
591 3937 763 4007 compositos
782 3928 867 4008 (ἦθος)
888 3943 1015 3993 tractem.
1054 3938 1246 3992 Conciliantur
1264 3913 1384 3992 iudicum

219 4045 312 4115 animi,
332 4063 393 4101 enm
414 4062 506 4101 mores
526 4052 556 4101 et
574 4047 633 4101 vita
652 4050 682 4100 et
700 4042 779 4100 facta
799 4061 903 4114 eorrrm,
923 4061 975 4114 pre
994 4047 1097 4116 quibus
1117 4051 1213 4099 orator
1226 4044 1305 4114 dicit,
1324 4059 1383 4113 pro·
1465 4019 1466 4056 ³

307 4207 328 4275 ¹)
348 4203 390 4264 ef.
410 4205 504 4269 Quint.
525 4205 559 4273 V,
579 4206 621 4268 10,
641 4207 664 4263 1.
