<?xml version="1.0" encoding="UTF-8"?>
<!DOCTYPE html PUBLIC "-//W3C//DTD XHTML 1.0 Transitional//EN"
    "http://www.w3.org/TR/xhtml1/DTD/xhtml1-transitional.dtd">
<html xmlns="http://www.w3.org/1999/xhtml" xml:lang="en" lang="en">
 <head>
  <title>
</title>
<meta http-equiv="Content-Type" content="text/html;charset=utf-8" />
  <meta name='ocr-system' content='tesseract 3.04.00' />
  <meta name='ocr-capabilities' content='ocr_page ocr_carea ocr_par ocr_line ocrx_word'/>
</head>
<body>
  <div class='ocr_page' id='page_1' title='image "./dedemosthenisor00hubogoog_0199.png"; bbox 0 0 2954 4824; ppageno 0'>
   <div class='ocr_carea' id='block_1_1' title="bbox 226 297 267 358">
    <p class='ocr_par' dir='ltr' id='par_1_1' title="bbox 226 297 267 358">
     <span class='ocr_line' id='line_1_1' title="bbox 226 297 267 358; baseline -0.024 0"><span class='ocrx_word' id='word_1_1' title='bbox 226 297 267 358; x_wconf 85' lang='grc'><strong>36</strong></span> 
     </span>
    </p>
   </div>
   <div class='ocr_carea' id='block_1_2' title="bbox 227 459 1355 4234">
    <p class='ocr_par' dir='ltr' id='par_1_2' title="bbox 227 459 1352 2184">
     <span class='ocr_line' id='line_1_2' title="bbox 227 459 1347 528; baseline -0.004 -1"><span class='ocrx_word' id='word_1_2' title='bbox 227 463 302 527; x_wconf 92' lang='lat' dir='ltr'><strong>dam</strong></span> <span class='ocrx_word' id='word_1_3' title='bbox 340 464 501 528; x_wconf 87' lang='lat' dir='ltr'><strong>censuisse</strong></span> <span class='ocrx_word' id='word_1_4' title='bbox 532 461 778 527; x_wconf 80' lang='lat' dir='ltr'><strong>Demosthenem</strong></span> <span class='ocrx_word' id='word_1_5' title='bbox 809 467 841 526; x_wconf 91' lang='lat' dir='ltr'><strong>et</strong></span> <span class='ocrx_word' id='word_1_6' title='bbox 870 460 1021 525; x_wconf 80' lang='lat' dir='ltr'><strong>editorem</strong></span> <span class='ocrx_word' id='word_1_7' title='bbox 1060 459 1156 524; x_wconf 91' lang='lat' dir='ltr'><strong>totius</strong></span> <span class='ocrx_word' id='word_1_8' title='bbox 1196 459 1347 524; x_wconf 89' lang='lat' dir='ltr'><strong>orationis</strong></span> 
     </span>
     <span class='ocr_line' id='line_1_3' title="bbox 227 561 1347 643; baseline -0.003 -15"><span class='ocrx_word' id='word_1_9' title='bbox 227 566 319 629; x_wconf 91' lang='lat' dir='ltr'><strong>nobis</strong></span> <span class='ocrx_word' id='word_1_10' title='bbox 350 565 524 628; x_wconf 82' lang='lat' dir='ltr'><strong>tradidisse</strong></span> <span class='ocrx_word' id='word_1_11' title='bbox 557 563 763 629; x_wconf 86' lang='lat' dir='ltr'><strong>ostendimus.</strong></span> <span class='ocrx_word' id='word_1_12' title='bbox 817 563 910 627; x_wconf 90' lang='lat' dir='ltr'><strong>Nunc</strong></span> <span class='ocrx_word' id='word_1_13' title='bbox 938 582 1013 627; x_wconf 87' lang='lat' dir='ltr'><strong>vero</strong></span> <span class='ocrx_word' id='word_1_14' title='bbox 1044 582 1084 626; x_wconf 90' lang='lat' dir='ltr'><strong>ea</strong></span> <span class='ocrx_word' id='word_1_15' title='bbox 1115 561 1227 642; x_wconf 89' lang='lat' dir='ltr'><strong>ver,ba</strong></span> <span class='ocrx_word' id='word_1_16' title='bbox 1267 581 1347 643; x_wconf 89' lang='lat' dir='ltr'><strong>qnae</strong></span> 
     </span>
     <span class='ocr_line' id='line_1_4' title="bbox 228 665 1349 764; baseline -0.004 -34"><span class='ocrx_word' id='word_1_17' title='bbox 228 665 445 730; x_wconf 88' lang='lat' dir='ltr'><strong>Domosbeues</strong></span> <span class='ocrx_word' id='word_1_18' title='bbox 467 666 645 731; x_wconf 78' lang='lat' dir='ltr'><strong>membrum</strong></span> <span class='ocrx_word' id='word_1_19' title='bbox 667 667 790 764; x_wconf 74' lang='lat' dir='ltr'><strong>exordii</strong></span> <span class='ocrx_word' id='word_1_20' title='bbox 813 685 884 730; x_wconf 89' lang='lat' dir='ltr'><strong>esse</strong></span> <span class='ocrx_word' id='word_1_21' title='bbox 906 665 1047 729; x_wconf 89' lang='lat' dir='ltr'><strong>voluisse</strong></span> <span class='ocrx_word' id='word_1_22' title='bbox 1068 665 1159 728; x_wconf 91' lang='lat' dir='ltr'><strong>nobis</strong></span> <span class='ocrx_word' id='word_1_23' title='bbox 1183 666 1272 729; x_wconf 90' lang='lat' dir='ltr'><strong>visus</strong></span> <span class='ocrx_word' id='word_1_24' title='bbox 1295 672 1349 744; x_wconf 83' lang='lat' dir='ltr'><strong>est,</strong></span> 
     </span>
     <span class='ocr_line' id='line_1_5' title="bbox 228 753 1349 889; baseline -0.003 -56"><span class='ocrx_word' id='word_1_25' title='bbox 228 788 311 850; x_wconf 84' lang='lat' dir='ltr'><strong>quae</strong></span> <span class='ocrx_word' id='word_1_26' title='bbox 340 774 414 832; x_wconf 86' lang='lat' dir='ltr'><strong>sunt</strong></span> <span class='ocrx_word' id='word_1_27' title='bbox 442 771 582 889; x_wconf 75' lang='grc' dir='ltr'><strong>προῦτον</strong></span> <span class='ocrx_word' id='word_1_28' title='bbox 610 791 671 851; x_wconf 84' lang='grc' dir='ltr'><strong>μεν</strong></span> <span class='ocrx_word' id='word_1_29' title='bbox 701 753 774 846; x_wconf 80' lang='grc' dir='ltr'><strong>οὖν,</strong></span> <span class='ocrx_word' id='word_1_30' title='bbox 805 757 887 852; x_wconf 80' lang='grc' dir='ltr'><strong><em>ὅπερ</em></strong></span> <span class='ocrx_word' id='word_1_31' title='bbox 917 759 1053 852; x_wconf 75' lang='grc' dir='ltr'><em>ηδὶκηοε</em></span> <span class='ocrx_word' id='word_1_32' title='bbox 1078 769 1226 850; x_wconf 78' lang='grc' dir='ltr'><strong>πρῶτον,</strong></span> <span class='ocrx_word' id='word_1_33' title='bbox 1255 758 1349 830; x_wconf 76' lang='grc' dir='ltr'><em>τοῦτ</em></span> 
     </span>
     <span class='ocr_line' id='line_1_6' title="bbox 228 863 1349 954; baseline -0.002 -19"><span class='ocrx_word' id='word_1_34' title='bbox 228 870 304 954; x_wconf 78' lang='grc' dir='ltr'><strong>ἐρῶ,</strong></span> <span class='ocrx_word' id='word_1_35' title='bbox 334 871 379 946; x_wconf 81' lang='grc' dir='ltr'><strong>ὠς</strong></span> <span class='ocrx_word' id='word_1_36' title='bbox 413 867 505 951; x_wconf 84' lang='grc' dir='ltr'><strong><em>παρὰ</em></strong></span> <span class='ocrx_word' id='word_1_37' title='bbox 534 863 664 948; x_wconf 79' lang='grc' dir='ltr'><strong><em>πάντας</em></strong></span> <span class='ocrx_word' id='word_1_38' title='bbox 692 867 771 947; x_wconf 82' lang='grc' dir='ltr'><em>τοὺς</em></span> <span class='ocrx_word' id='word_1_39' title='bbox 793 866 918 953; x_wconf 83' lang='grc' dir='ltr'><strong><em>νόμους</em></strong></span> <span class='ocrx_word' id='word_1_40' title='bbox 948 868 1152 952; x_wconf 72' lang='grc' dir='ltr'><strong>ἐνομοθέτει,</strong></span> <span class='ocrx_word' id='word_1_41' title='bbox 1179 865 1250 932; x_wconf 71' lang='grc' dir='ltr'><strong><em>εἶτα</em></strong></span> <span class='ocrx_word' id='word_1_42' title='bbox 1280 871 1349 933; x_wconf 77' lang='grc' dir='ltr'><strong>τῶν</strong></span> 
     </span>
     <span class='ocr_line' id='line_1_7' title="bbox 229 963 1350 1058; baseline -0.002 -20"><span class='ocrx_word' id='word_1_43' title='bbox 229 967 339 1038; x_wconf 72' lang='grc' dir='ltr'><strong><em>ἄλλων</em></strong></span> <span class='ocrx_word' id='word_1_44' title='bbox 362 971 446 1058; x_wconf 74' lang='grc' dir='ltr'><em>ἑξῆς,</em></span> <span class='ocrx_word' id='word_1_45' title='bbox 476 965 495 1037; x_wconf 83' lang='grc' dir='ltr'>ὅ</span> <span class='ocrx_word' id='word_1_46' title='bbox 519 997 549 1038; x_wconf 88' lang='grc' dir='ltr'><strong>τι</strong></span> <span class='ocrx_word' id='word_1_47' title='bbox 572 965 614 1037; x_wconf 73' lang='grc' dir='ltr'><strong>ἂν</strong></span> <span class='ocrx_word' id='word_1_48' title='bbox 637 971 855 1056; x_wconf 75' lang='grc' dir='ltr'><em>βουλομένοις</em></span> <span class='ocrx_word' id='word_1_49' title='bbox 883 971 962 1054; x_wconf 52' lang='grc' dir='ltr'><strong><em>’ὑμῖν</em></strong></span> <span class='ocrx_word' id='word_1_50' title='bbox 986 963 1122 1036; x_wconf 79' lang='grc' dir='ltr'><em>ἀκούειν</em></span> <span class='ocrx_word' id='word_1_51' title='bbox 1145 964 1182 1053; x_wconf 68' lang='grc' dir='ltr'><strong>ἢ,</strong></span> <span class='ocrx_word' id='word_1_52' title='bbox 1210 972 1238 1034; x_wconf 88' lang='lat' dir='ltr'><strong>si</strong></span> <span class='ocrx_word' id='word_1_53' title='bbox 1261 991 1350 1036; x_wconf 89' lang='lat' dir='ltr'><strong>accu-</strong></span> 
     </span>
     <span class='ocr_line' id='line_1_8' title="bbox 228 1073 1350 1158; baseline -0.003 -18"><span class='ocrx_word' id='word_1_54' title='bbox 228 1077 329 1141; x_wconf 86' lang='lat' dir='ltr'><strong>ratius</strong></span> <span class='ocrx_word' id='word_1_55' title='bbox 351 1075 601 1157; x_wconf 89' lang='lat' dir='ltr'><strong>considerantur,</strong></span> <span class='ocrx_word' id='word_1_56' title='bbox 624 1077 671 1138; x_wconf 88' lang='lat' dir='ltr'><strong>ita</strong></span> <span class='ocrx_word' id='word_1_57' title='bbox 686 1081 872 1158; x_wconf 85' lang='lat' dir='ltr'><strong>comparata</strong></span> <span class='ocrx_word' id='word_1_58' title='bbox 887 1081 967 1155; x_wconf 92' lang='lat' dir='ltr'><strong>suut,</strong></span> <span class='ocrx_word' id='word_1_59' title='bbox 990 1081 1024 1138; x_wconf 90' lang='lat' dir='ltr'><strong>ut</strong></span> <span class='ocrx_word' id='word_1_60' title='bbox 1046 1080 1119 1157; x_wconf 90' lang='lat' dir='ltr'><strong>post</strong></span> <span class='ocrx_word' id='word_1_61' title='bbox 1134 1073 1350 1157; x_wconf 87' lang='lat' dir='ltr'><strong>partitionem,</strong></span> 
     </span>
     <span class='ocr_line' id='line_1_9' title="bbox 229 1176 1351 1262; baseline -0.003 -19"><span class='ocrx_word' id='word_1_62' title='bbox 229 1198 313 1261; x_wconf 89' lang='lat' dir='ltr'><strong>quae</strong></span> <span class='ocrx_word' id='word_1_63' title='bbox 335 1180 408 1262; x_wconf 85' lang='lat' dir='ltr'><strong>ptus</strong></span> <span class='ocrx_word' id='word_1_64' title='bbox 431 1197 527 1261; x_wconf 88' lang='lat' dir='ltr'><strong>quam</strong></span> <span class='ocrx_word' id='word_1_65' title='bbox 547 1178 674 1242; x_wconf 91' lang='lat' dir='ltr'><strong>duobus</strong></span> <span class='ocrx_word' id='word_1_66' title='bbox 696 1178 774 1242; x_wconf 88' lang='lat' dir='ltr'><strong>locis</strong></span> <span class='ocrx_word' id='word_1_67' title='bbox 789 1183 918 1257; x_wconf 86' lang='lat' dir='ltr'><strong>constet,</strong></span> <span class='ocrx_word' id='word_1_68' title='bbox 940 1177 1069 1260; x_wconf 90' lang='lat' dir='ltr'><strong>prolata</strong></span> <span class='ocrx_word' id='word_1_69' title='bbox 1085 1197 1155 1241; x_wconf 88' lang='lat' dir='ltr'><strong>csse</strong></span> <span class='ocrx_word' id='word_1_70' title='bbox 1172 1176 1351 1259; x_wconf 88' lang='lat' dir='ltr'><strong>videantur,</strong></span> 
     </span>
     <span class='ocr_line' id='line_1_10' title="bbox 230 1271 1350 1364; baseline -0.002 -18"><span class='ocrx_word' id='word_1_71' title='bbox 230 1302 361 1363; x_wconf 91' lang='lat' dir='ltr'><strong>quorum</strong></span> <span class='ocrx_word' id='word_1_72' title='bbox 385 1282 524 1345; x_wconf 90' lang='lat' dir='ltr'><strong>locorum</strong></span> <span class='ocrx_word' id='word_1_73' title='bbox 548 1281 612 1361; x_wconf 92' lang='lat' dir='ltr'><strong>ille,</strong></span> <span class='ocrx_word' id='word_1_74' title='bbox 635 1281 687 1360; x_wconf 87' lang='lat' dir='ltr'><strong>qui</strong></span> <span class='ocrx_word' id='word_1_75' title='bbox 711 1280 817 1345; x_wconf 90' lang='lat' dir='ltr'><strong>verbis</strong></span> <span class='ocrx_word' id='word_1_76' title='bbox 839 1273 899 1358; x_wconf 80' lang='grc' dir='ltr'><strong>,ὡς</strong></span> <span class='ocrx_word' id='word_1_77' title='bbox 922 1276 1013 1364; x_wconf 78' lang='grc' dir='ltr'><strong><em>παρὰ</em></strong></span> <span class='ocrx_word' id='word_1_78' title='bbox 1035 1271 1165 1357; x_wconf 81' lang='grc' dir='ltr'><strong><em>πάντας</em></strong></span> <span class='ocrx_word' id='word_1_79' title='bbox 1191 1277 1274 1356; x_wconf 81' lang='grc' dir='ltr'><strong>τούς</strong></span> <span class='ocrx_word' id='word_1_80' title='bbox 1298 1277 1350 1344; x_wconf 88' lang='grc' dir='ltr'><strong>νό-</strong></span> 
     </span>
     <span class='ocr_line' id='line_1_11' title="bbox 228 1380 1347 1467; baseline -0.002 -19"><span class='ocrx_word' id='word_1_81' title='bbox 228 1407 312 1467; x_wconf 84' lang='grc' dir='ltr'><em>μους</em></span> <span class='ocrx_word' id='word_1_82' title='bbox 339 1381 552 1466; x_wconf 61' lang='grc' dir='ltr'><strong>ὲνομοθέτεν</strong></span> <span class='ocrx_word' id='word_1_83' title='bbox 574 1382 743 1465; x_wconf 86' lang='lat' dir='ltr'><strong>indicatur,</strong></span> <span class='ocrx_word' id='word_1_84' title='bbox 765 1382 886 1466; x_wconf 89' lang='lat' dir='ltr'><strong>primus</strong></span> <span class='ocrx_word' id='word_1_85' title='bbox 900 1382 1103 1466; x_wconf 89' lang='lat' dir='ltr'><strong>putandus</strong></span> <span class='ocrx_word' id='word_1_86' title='bbox 1079 1389 1127 1447; x_wconf 88' lang='lat' dir='ltr'><strong>srt.</strong></span> <span class='ocrx_word' id='word_1_87' title='bbox 1170 1380 1262 1459; x_wconf 82' lang='lat' dir='ltr'><strong>Quae</strong></span> <span class='ocrx_word' id='word_1_88' title='bbox 1277 1403 1347 1447; x_wconf 89' lang='lat' dir='ltr'><strong>curu</strong></span> 
     </span>
     <span class='ocr_line' id='line_1_12' title="bbox 229 1484 1350 1568; baseline -0.003 -17"><span class='ocrx_word' id='word_1_89' title='bbox 229 1489 276 1551; x_wconf 90' lang='lat' dir='ltr'><strong>ita</strong></span> <span class='ocrx_word' id='word_1_90' title='bbox 299 1486 374 1567; x_wconf 92' lang='lat' dir='ltr'><strong>siut,</strong></span> <span class='ocrx_word' id='word_1_91' title='bbox 405 1485 512 1550; x_wconf 83' lang='lat' dir='ltr'><strong>facere</strong></span> <span class='ocrx_word' id='word_1_92' title='bbox 535 1505 598 1548; x_wconf 92' lang='lat' dir='ltr'><strong>nou</strong></span> <span class='ocrx_word' id='word_1_93' title='bbox 621 1505 804 1568; x_wconf 89' lang='lat' dir='ltr'><strong>possumus,</strong></span> <span class='ocrx_word' id='word_1_94' title='bbox 833 1484 909 1567; x_wconf 89' lang='lat' dir='ltr'><strong>quin</strong></span> <span class='ocrx_word' id='word_1_95' title='bbox 933 1491 1007 1549; x_wconf 87' lang='lat' dir='ltr'><strong>ante</strong></span> <span class='ocrx_word' id='word_1_96' title='bbox 1030 1484 1142 1566; x_wconf 90' lang='lat' dir='ltr'><strong>verba,</strong></span> <span class='ocrx_word' id='word_1_97' title='bbox 1170 1504 1255 1566; x_wconf 88' lang='lat' dir='ltr'><strong>quae</strong></span> <span class='ocrx_word' id='word_1_98' title='bbox 1279 1491 1350 1549; x_wconf 91' lang='lat' dir='ltr'><strong>sunt</strong></span> 
     </span>
     <span class='ocr_line' id='line_1_13' title="bbox 230 1579 1352 1671; baseline 0 -19"><span class='ocrx_word' id='word_1_99' title='bbox 230 1586 445 1671; x_wconf 77' lang='grc' dir='ltr'><strong><em>πρῶτονμὲν</em></strong></span> <span class='ocrx_word' id='word_1_100' title='bbox 461 1585 525 1650; x_wconf 78' lang='lat' dir='ltr'><strong>oo&#39;r</strong></span> <span class='ocrx_word' id='word_1_101' title='bbox 548 1580 632 1671; x_wconf 79' lang='grc' dir='ltr'><strong><em>ὅπερ</em></strong></span> <span class='ocrx_word' id='word_1_102' title='bbox 654 1579 790 1671; x_wconf 82' lang='grc' dir='ltr'><em>ήὸίκησε</em></span> <span class='ocrx_word' id='word_1_103' title='bbox 809 1609 957 1668; x_wconf 80' lang='grc' dir='ltr'><strong>πρωτον,</strong></span> <span class='ocrx_word' id='word_1_104' title='bbox 980 1587 1109 1670; x_wconf 86' lang='lat' dir='ltr'><strong>proposi</strong></span> <span class='ocrx_word' id='word_1_105' title='bbox 1111 1587 1228 1651; x_wconf 91' lang='lat' dir='ltr'><strong>tionem</strong></span> <span class='ocrx_word' id='word_1_106' title='bbox 1245 1587 1352 1670; x_wconf 85' lang='lat' dir='ltr'><strong>talem,</strong></span> 
     </span>
     <span class='ocr_line' id='line_1_14' title="bbox 229 1681 1350 1777; baseline 0.002 -23"><span class='ocrx_word' id='word_1_107' title='bbox 229 1691 272 1754; x_wconf 92' lang='lat' dir='ltr'><strong>ad</strong></span> <span class='ocrx_word' id='word_1_108' title='bbox 295 1709 390 1772; x_wconf 84' lang='lat' dir='ltr'><strong>quam</strong></span> <span class='ocrx_word' id='word_1_109' title='bbox 408 1696 440 1754; x_wconf 87' lang='lat' dir='ltr'><strong>ct</strong></span> <span class='ocrx_word' id='word_1_110' title='bbox 454 1689 561 1771; x_wconf 85' lang='lat' dir='ltr'><strong>verba,</strong></span> <span class='ocrx_word' id='word_1_111' title='bbox 585 1708 667 1770; x_wconf 81' lang='lat' dir='ltr'><strong>quae</strong></span> <span class='ocrx_word' id='word_1_112' title='bbox 690 1694 765 1752; x_wconf 85' lang='lat' dir='ltr'><strong>sunt</strong></span> <span class='ocrx_word' id='word_1_113' title='bbox 787 1692 927 1773; x_wconf 77' lang='grc' dir='ltr'><strong><em>πρῶτον</em></strong></span> <span class='ocrx_word' id='word_1_114' title='bbox 948 1689 1008 1772; x_wconf 81' lang='grc' dir='ltr'><strong>μὲν</strong></span> <span class='ocrx_word' id='word_1_115' title='bbox 1025 1687 1088 1752; x_wconf 82' lang='grc' dir='ltr'><strong>οὑν</strong></span> <span class='ocrx_word' id='word_1_116' title='bbox 1112 1681 1193 1773; x_wconf 81' lang='grc' dir='ltr'><strong><em>ὅπερ</em></strong></span> <span class='ocrx_word' id='word_1_117' title='bbox 1217 1681 1350 1777; x_wconf 80' lang='grc' dir='ltr'><em>ήδικηοε</em></span> 
     </span>
     <span class='ocr_line' id='line_1_15' title="bbox 231 1791 1352 1878; baseline 0 -20"><span class='ocrx_word' id='word_1_118' title='bbox 231 1815 372 1878; x_wconf 72' lang='lat' dir='ltr'><strong>asportor</strong></span> <span class='ocrx_word' id='word_1_119' title='bbox 380 1811 476 1874; x_wconf 86' lang='lat' dir='ltr'><strong>seqq,</strong></span> <span class='ocrx_word' id='word_1_120' title='bbox 492 1799 568 1876; x_wconf 87' lang='lat' dir='ltr'><strong>apte</strong></span> <span class='ocrx_word' id='word_1_121' title='bbox 579 1791 718 1875; x_wconf 88' lang='lat' dir='ltr'><strong>adiungi,</strong></span> <span class='ocrx_word' id='word_1_122' title='bbox 734 1800 765 1857; x_wconf 88' lang='lat' dir='ltr'><strong>et</strong></span> <span class='ocrx_word' id='word_1_123' title='bbox 753 1793 936 1857; x_wconf 88' lang='lat' dir='ltr'><strong>tconclusio</strong></span> <span class='ocrx_word' id='word_1_124' title='bbox 949 1793 1047 1857; x_wconf 89' lang='lat' dir='ltr'><strong>totius</strong></span> <span class='ocrx_word' id='word_1_125' title='bbox 1062 1812 1099 1856; x_wconf 87' lang='lat' dir='ltr'><strong>ar</strong></span> <span class='ocrx_word' id='word_1_126' title='bbox 1101 1795 1280 1874; x_wconf 91' lang='lat' dir='ltr'><strong>gumenta</strong></span> <span class='ocrx_word' id='word_1_127' title='bbox 1272 1796 1352 1858; x_wconf 78' lang='lat' dir='ltr'><strong>tonis</strong></span> 
     </span>
     <span class='ocr_line' id='line_1_16' title="bbox 230 1894 1351 1978; baseline 0 -18"><span class='ocrx_word' id='word_1_128' title='bbox 230 1902 315 1962; x_wconf 86' lang='lat' dir='ltr'><strong>recta</strong></span> <span class='ocrx_word' id='word_1_129' title='bbox 342 1895 484 1959; x_wconf 89' lang='lat' dir='ltr'><strong>revocari</strong></span> <span class='ocrx_word' id='word_1_130' title='bbox 507 1894 642 1978; x_wconf 86' lang='lat' dir='ltr'><strong>possint,</strong></span> <span class='ocrx_word' id='word_1_131' title='bbox 672 1895 820 1960; x_wconf 90' lang='lat' dir='ltr'><strong>excidere</strong></span> <span class='ocrx_word' id='word_1_132' title='bbox 850 1895 1030 1978; x_wconf 87' lang='lat' dir='ltr'><strong>opinemur,</strong></span> <span class='ocrx_word' id='word_1_133' title='bbox 1066 1902 1164 1977; x_wconf 87' lang='lat' dir='ltr'><strong>atque</strong></span> <span class='ocrx_word' id='word_1_134' title='bbox 1193 1897 1351 1961; x_wconf 80' lang='lat' dir='ltr'><strong>excidisse</strong></span> 
     </span>
     <span class='ocr_line' id='line_1_17' title="bbox 231 1996 1351 2082; baseline 0 -20"><span class='ocrx_word' id='word_1_135' title='bbox 231 1997 358 2080; x_wconf 89' lang='lat' dir='ltr'><strong>quidem</strong></span> <span class='ocrx_word' id='word_1_136' title='bbox 383 1997 513 2062; x_wconf 85' lang='lat' dir='ltr'><strong>editoris</strong></span> <span class='ocrx_word' id='word_1_137' title='bbox 536 1997 630 2062; x_wconf 91' lang='lat' dir='ltr'><strong>buius</strong></span> <span class='ocrx_word' id='word_1_138' title='bbox 660 1997 822 2079; x_wconf 88' lang='lat' dir='ltr'><strong>orationis,</strong></span> <span class='ocrx_word' id='word_1_139' title='bbox 854 2016 947 2078; x_wconf 90' lang='lat' dir='ltr'><strong>quem</strong></span> <span class='ocrx_word' id='word_1_140' title='bbox 971 1997 1101 2081; x_wconf 88' lang='lat' dir='ltr'><strong>saepius</strong></span> <span class='ocrx_word' id='word_1_141' title='bbox 1131 1996 1351 2082; x_wconf 90' lang='lat' dir='ltr'><strong>indicavimus,</strong></span> 
     </span>
     <span class='ocr_line' id='line_1_18' title="bbox 231 2101 334 2184; baseline 0.019 -20"><span class='ocrx_word' id='word_1_142' title='bbox 231 2101 334 2184; x_wconf 86' lang='lat' dir='ltr'><strong>culpa.</strong></span> 
     </span>
    </p>

    <p class='ocr_par' dir='ltr' id='par_1_3' title="bbox 228 2199 1355 3702">
     <span class='ocr_line' id='line_1_19' title="bbox 318 2199 1350 2284; baseline 0 -18"><span class='ocrx_word' id='word_1_143' title='bbox 318 2203 395 2284; x_wconf 85' lang='lat' dir='ltr'><strong>lam,</strong></span> <span class='ocrx_word' id='word_1_144' title='bbox 425 2199 460 2283; x_wconf 87' lang='lat' dir='ltr'><strong>si,</strong></span> <span class='ocrx_word' id='word_1_145' title='bbox 490 2200 606 2282; x_wconf 90' lang='lat' dir='ltr'><strong>quibus</strong></span> <span class='ocrx_word' id='word_1_146' title='bbox 636 2201 813 2266; x_wconf 87' lang='lat' dir='ltr'><strong>rationibus</strong></span> <span class='ocrx_word' id='word_1_147' title='bbox 848 2209 954 2266; x_wconf 89' lang='lat' dir='ltr'><strong>orator</strong></span> <span class='ocrx_word' id='word_1_148' title='bbox 983 2202 1084 2284; x_wconf 88' lang='lat' dir='ltr'><strong>legem</strong></span> <span class='ocrx_word' id='word_1_149' title='bbox 1117 2202 1350 2268; x_wconf 79' lang='lat' dir='ltr'><strong>Timocratearu</strong></span> 
     </span>
     <span class='ocr_line' id='line_1_20' title="bbox 230 2303 1351 2389; baseline 0 -19"><span class='ocrx_word' id='word_1_150' title='bbox 230 2303 481 2389; x_wconf 83' lang='lat' dir='ltr'><strong>impugnaverit,</strong></span> <span class='ocrx_word' id='word_1_151' title='bbox 514 2303 622 2368; x_wconf 89' lang='lat' dir='ltr'><strong>auimo</strong></span> <span class='ocrx_word' id='word_1_152' title='bbox 653 2305 907 2388; x_wconf 89' lang='lat' dir='ltr'><strong>complectemur,</strong></span> <span class='ocrx_word' id='word_1_153' title='bbox 941 2303 1112 2388; x_wconf 86' lang='lat' dir='ltr'><strong>contigisse</strong></span> <span class='ocrx_word' id='word_1_154' title='bbox 1142 2306 1181 2387; x_wconf 92' lang='lat' dir='ltr'><strong>ei,</strong></span> <span class='ocrx_word' id='word_1_155' title='bbox 1219 2311 1253 2370; x_wconf 90' lang='lat' dir='ltr'><strong>ut</strong></span> <span class='ocrx_word' id='word_1_156' title='bbox 1282 2326 1351 2370; x_wconf 88' lang='lat' dir='ltr'><strong>eam</strong></span> 
     </span>
     <span class='ocr_line' id='line_1_21' title="bbox 230 2405 1352 2490; baseline 0.001 -19"><span class='ocrx_word' id='word_1_157' title='bbox 230 2407 417 2489; x_wconf 78' lang='lat' dir='ltr'><strong>infringeret</strong></span> <span class='ocrx_word' id='word_1_158' title='bbox 440 2411 537 2487; x_wconf 91' lang='lat' dir='ltr'><strong>atque</strong></span> <span class='ocrx_word' id='word_1_159' title='bbox 553 2405 729 2484; x_wconf 89' lang='lat' dir='ltr'><strong>damnaret,</strong></span> <span class='ocrx_word' id='word_1_160' title='bbox 751 2407 971 2490; x_wconf 85' lang='lat' dir='ltr'><strong>concedemus,</strong></span> <span class='ocrx_word' id='word_1_161' title='bbox 993 2427 1097 2488; x_wconf 90' lang='lat' dir='ltr'><strong>neque</strong></span> <span class='ocrx_word' id='word_1_162' title='bbox 1119 2407 1296 2490; x_wconf 89' lang='lat' dir='ltr'><strong>quidquam</strong></span> <span class='ocrx_word' id='word_1_163' title='bbox 1313 2409 1352 2472; x_wconf 89' lang='lat' dir='ltr'><strong>de</strong></span> 
     </span>
     <span class='ocr_line' id='line_1_22' title="bbox 230 2507 1355 2593; baseline 0.001 -20"><span class='ocrx_word' id='word_1_164' title='bbox 230 2511 300 2592; x_wconf 88' lang='lat' dir='ltr'><strong>lege</strong></span> <span class='ocrx_word' id='word_1_165' title='bbox 322 2510 394 2593; x_wconf 89' lang='lat' dir='ltr'><strong>ipsa</strong></span> <span class='ocrx_word' id='word_1_166' title='bbox 410 2513 578 2592; x_wconf 87' lang='lat' dir='ltr'><strong>praeterea</strong></span> <span class='ocrx_word' id='word_1_167' title='bbox 595 2507 860 2592; x_wconf 80' lang='lat' dir='ltr'><strong>exspectabimus.</strong></span> <span class='ocrx_word' id='word_1_168' title='bbox 905 2509 1139 2592; x_wconf 82' lang='lat' dir='ltr'><strong>Exspectamus</strong></span> <span class='ocrx_word' id='word_1_169' title='bbox 1159 2516 1268 2575; x_wconf 88' lang='lat' dir='ltr'><strong>tamen</strong></span> <span class='ocrx_word' id='word_1_170' title='bbox 1285 2531 1355 2576; x_wconf 91' lang='lat' dir='ltr'><strong>con-</strong></span> 
     </span>
     <span class='ocr_line' id='line_1_23' title="bbox 231 2610 1353 2694; baseline 0.001 -18"><span class='ocrx_word' id='word_1_171' title='bbox 231 2612 427 2694; x_wconf 85' lang='lat' dir='ltr'><strong>futationem,</strong></span> <span class='ocrx_word' id='word_1_172' title='bbox 450 2630 521 2693; x_wconf 89' lang='lat' dir='ltr'><strong>qua,</strong></span> <span class='ocrx_word' id='word_1_173' title='bbox 544 2629 629 2693; x_wconf 87' lang='lat' dir='ltr'><strong>quae</strong></span> <span class='ocrx_word' id='word_1_174' title='bbox 653 2615 762 2673; x_wconf 85' lang='lat' dir='ltr'><strong>auctor</strong></span> <span class='ocrx_word' id='word_1_175' title='bbox 777 2610 857 2693; x_wconf 86' lang='lat' dir='ltr'><strong>legis</strong></span> <span class='ocrx_word' id='word_1_176' title='bbox 873 2611 1006 2693; x_wconf 91' lang='lat' dir='ltr'><strong>eiusque</strong></span> <span class='ocrx_word' id='word_1_177' title='bbox 1029 2611 1158 2676; x_wconf 86' lang='lat' dir='ltr'><strong>sodales</strong></span> <span class='ocrx_word' id='word_1_178' title='bbox 1181 2612 1229 2675; x_wconf 91' lang='lat' dir='ltr'><strong>sui</strong></span> <span class='ocrx_word' id='word_1_179' title='bbox 1246 2611 1353 2677; x_wconf 86' lang='lat' dir='ltr'><strong>desen·</strong></span> 
     </span>
     <span class='ocr_line' id='line_1_24' title="bbox 230 2713 1352 2799; baseline -0.001 -20"><span class='ocrx_word' id='word_1_180' title='bbox 230 2714 326 2780; x_wconf 89' lang='lat' dir='ltr'><strong>dendi</strong></span> <span class='ocrx_word' id='word_1_181' title='bbox 350 2733 450 2779; x_wconf 89' lang='lat' dir='ltr'><strong>cansa</strong></span> <span class='ocrx_word' id='word_1_182' title='bbox 473 2713 587 2778; x_wconf 89' lang='lat' dir='ltr'><strong>dicturi</strong></span> <span class='ocrx_word' id='word_1_183' title='bbox 610 2719 732 2796; x_wconf 88' lang='lat' dir='ltr'><strong>esseut,</strong></span> <span class='ocrx_word' id='word_1_184' title='bbox 762 2713 795 2777; x_wconf 90' lang='lat' dir='ltr'><strong>in</strong></span> <span class='ocrx_word' id='word_1_185' title='bbox 819 2719 973 2794; x_wconf 86' lang='lat' dir='ltr'><strong>quantum</strong></span> <span class='ocrx_word' id='word_1_186' title='bbox 1005 2715 1186 2778; x_wconf 85' lang='lat' dir='ltr'><strong>coniectura</strong></span> <span class='ocrx_word' id='word_1_187' title='bbox 1213 2714 1352 2799; x_wconf 85' lang='lat' dir='ltr'><strong>prospici</strong></span> 
     </span>
     <span class='ocr_line' id='line_1_25' title="bbox 230 2813 1352 2900; baseline -0.002 -18"><span class='ocrx_word' id='word_1_188' title='bbox 230 2823 386 2900; x_wconf 77' lang='lat' dir='ltr'><strong>poteraut,</strong></span> <span class='ocrx_word' id='word_1_189' title='bbox 408 2815 532 2881; x_wconf 85' lang='lat' dir='ltr'><strong>refutet.</strong></span> <span class='ocrx_word' id='word_1_190' title='bbox 576 2813 660 2892; x_wconf 80' lang='lat' dir='ltr'><strong>Quid</strong></span> <span class='ocrx_word' id='word_1_191' title='bbox 682 2834 757 2880; x_wconf 90' lang='lat' dir='ltr'><strong>vero</strong></span> <span class='ocrx_word' id='word_1_192' title='bbox 780 2815 925 2897; x_wconf 89' lang='lat' dir='ltr'><strong>sequitur</strong></span> <span class='ocrx_word' id='word_1_193' title='bbox 947 2818 979 2880; x_wconf 94' lang='lat' dir='ltr'><strong>iu</strong></span> <span class='ocrx_word' id='word_1_194' title='bbox 1003 2815 1147 2882; x_wconf 87' lang='lat' dir='ltr'><strong>oratioue</strong></span> <span class='ocrx_word' id='word_1_195' title='bbox 1170 2836 1267 2898; x_wconf 88' lang='lat' dir='ltr'><strong>quam</strong></span> <span class='ocrx_word' id='word_1_196' title='bbox 1292 2823 1352 2880; x_wconf 89' lang='lat' dir='ltr'><strong>tra-</strong></span> 
     </span>
     <span class='ocr_line' id='line_1_26' title="bbox 230 2917 1354 3003; baseline -0.001 -20"><span class='ocrx_word' id='word_1_197' title='bbox 230 2918 331 2984; x_wconf 86' lang='lat' dir='ltr'><strong>ditam</strong></span> <span class='ocrx_word' id='word_1_198' title='bbox 361 2918 542 2984; x_wconf 79' lang='lat' dir='ltr'><strong>babemus?</strong></span> <span class='ocrx_word' id='word_1_199' title='bbox 587 2917 837 2982; x_wconf 86' lang='lat' dir='ltr'><strong>Gradationibus</strong></span> <span class='ocrx_word' id='word_1_200' title='bbox 861 2926 892 2983; x_wconf 89' lang='lat' dir='ltr'><strong>et</strong></span> <span class='ocrx_word' id='word_1_201' title='bbox 915 2917 1216 3003; x_wconf 86' lang='lat' dir='ltr'><strong>amplificationibus</strong></span> <span class='ocrx_word' id='word_1_202' title='bbox 1248 2927 1354 2984; x_wconf 85' lang='lat' dir='ltr'><strong>orator</strong></span> 
     </span>
     <span class='ocr_line' id='line_1_27' title="bbox 234 3020 1354 3106; baseline 0 -21"><span class='ocrx_word' id='word_1_203' title='bbox 234 3022 337 3085; x_wconf 89' lang='lat' dir='ltr'><strong>scelus</strong></span> <span class='ocrx_word' id='word_1_204' title='bbox 368 3021 560 3085; x_wconf 81' lang='lat' dir='ltr'><strong>&#39;Pimocratis</strong></span> <span class='ocrx_word' id='word_1_205' title='bbox 590 3027 695 3104; x_wconf 89' lang='lat' dir='ltr'><strong>auget,</strong></span> <span class='ocrx_word' id='word_1_206' title='bbox 724 3041 787 3084; x_wconf 93' lang='lat' dir='ltr'><strong>uon</strong></span> <span class='ocrx_word' id='word_1_207' title='bbox 819 3040 945 3106; x_wconf 85' lang='lat' dir='ltr'><strong>semper</strong></span> <span class='ocrx_word' id='word_1_208' title='bbox 975 3021 1050 3085; x_wconf 89' lang='lat' dir='ltr'><strong>aliis</strong></span> <span class='ocrx_word' id='word_1_209' title='bbox 1080 3027 1177 3104; x_wconf 87' lang='lat' dir='ltr'><strong>atque</strong></span> <span class='ocrx_word' id='word_1_210' title='bbox 1208 3020 1240 3085; x_wconf 92' lang='lat' dir='ltr'><strong>iu</strong></span> <span class='ocrx_word' id='word_1_211' title='bbox 1265 3042 1354 3105; x_wconf 88' lang='lat' dir='ltr'><strong>argu-</strong></span> 
     </span>
     <span class='ocr_line' id='line_1_28' title="bbox 231 3122 1354 3223; baseline -0.002 -35"><span class='ocrx_word' id='word_1_212' title='bbox 231 3123 426 3189; x_wconf 83' lang='lat' dir='ltr'><strong>mentatione</strong></span> <span class='ocrx_word' id='word_1_213' title='bbox 457 3123 529 3208; x_wconf 87' lang='lat' dir='ltr'><strong>ipsa</strong></span> <span class='ocrx_word' id='word_1_214' title='bbox 560 3143 636 3188; x_wconf 89' lang='lat' dir='ltr'><strong>usus</strong></span> <span class='ocrx_word' id='word_1_215' title='bbox 666 3131 715 3188; x_wconf 90' lang='lat' dir='ltr'><strong>est</strong></span> <span class='ocrx_word' id='word_1_216' title='bbox 745 3125 952 3207; x_wconf 85' lang='lat' dir='ltr'><strong>argumentis.</strong></span> <span class='ocrx_word' id='word_1_217' title='bbox 996 3122 1087 3200; x_wconf 79' lang='lat' dir='ltr'><strong>Quae</strong></span> <span class='ocrx_word' id='word_1_218' title='bbox 1115 3143 1184 3189; x_wconf 87' lang='lat' dir='ltr'><strong>cunr</strong></span> <span class='ocrx_word' id='word_1_219' title='bbox 1208 3125 1254 3189; x_wconf 89' lang='lat' dir='ltr'><strong>ita</strong></span> <span class='ocrx_word' id='word_1_220' title='bbox 1286 3126 1354 3223; x_wconf 55' lang='lat' dir='ltr'><strong>sint,</strong></span> 
     </span>
     <span class='ocr_line' id='line_1_29' title="bbox 228 3225 1354 3312; baseline -0.002 -20"><span class='ocrx_word' id='word_1_221' title='bbox 228 3246 268 3292; x_wconf 88' lang='lat' dir='ltr'><strong>ea</strong></span> <span class='ocrx_word' id='word_1_222' title='bbox 290 3226 407 3309; x_wconf 89' lang='lat' dir='ltr'><strong>omnia,</strong></span> <span class='ocrx_word' id='word_1_223' title='bbox 438 3245 521 3308; x_wconf 87' lang='lat' dir='ltr'><strong>quae</strong></span> <span class='ocrx_word' id='word_1_224' title='bbox 543 3225 617 3291; x_wconf 90' lang='lat' dir='ltr'><strong>inde</strong></span> <span class='ocrx_word' id='word_1_225' title='bbox 639 3247 659 3292; x_wconf 89' lang='lat' dir='ltr'><strong>a</strong></span> <span class='ocrx_word' id='word_1_226' title='bbox 684 3225 703 3312; x_wconf 68' lang='grc' dir='ltr'>ξ</span> <span class='ocrx_word' id='word_1_227' title='bbox 722 3231 789 3291; x_wconf 86' lang='lat'>110.</span> <span class='ocrx_word' id='word_1_228' title='bbox 813 3246 913 3310; x_wconf 88' lang='lat' dir='ltr'><strong>usque</strong></span> <span class='ocrx_word' id='word_1_229' title='bbox 944 3227 985 3291; x_wconf 87' lang='lat' dir='ltr'><strong>ad</strong></span> <span class='ocrx_word' id='word_1_230' title='bbox 1009 3229 1028 3307; x_wconf 59' lang='grc' dir='ltr'>ᾗ</span> <span class='ocrx_word' id='word_1_231' title='bbox 1048 3229 1115 3291; x_wconf 83' lang='grc'>186.</span> <span class='ocrx_word' id='word_1_232' title='bbox 1138 3225 1258 3293; x_wconf 89' lang='lat' dir='ltr'><strong>tradita</strong></span> <span class='ocrx_word' id='word_1_233' title='bbox 1281 3227 1354 3310; x_wconf 92' lang='lat' dir='ltr'><strong>legi·</strong></span> 
     </span>
     <span class='ocr_line' id='line_1_30' title="bbox 229 3329 1350 3414; baseline -0.001 -19"><span class='ocrx_word' id='word_1_234' title='bbox 229 3350 310 3414; x_wconf 90' lang='lat' dir='ltr'><strong>mus,</strong></span> <span class='ocrx_word' id='word_1_235' title='bbox 331 3329 409 3394; x_wconf 90' lang='lat' dir='ltr'><strong>viris</strong></span> <span class='ocrx_word' id='word_1_236' title='bbox 432 3329 532 3393; x_wconf 88' lang='lat' dir='ltr'><strong>doctis</strong></span> <span class='ocrx_word' id='word_1_237' title='bbox 555 3349 625 3395; x_wconf 87' lang='lat' dir='ltr'><strong>cum</strong></span> <span class='ocrx_word' id='word_1_238' title='bbox 648 3329 722 3414; x_wconf 88' lang='lat' dir='ltr'><strong>illis,</strong></span> <span class='ocrx_word' id='word_1_239' title='bbox 745 3350 826 3412; x_wconf 89' lang='lat' dir='ltr'><strong>quas</strong></span> <span class='ocrx_word' id='word_1_240' title='bbox 850 3330 943 3394; x_wconf 92' lang='lat' dir='ltr'><strong>modo</strong></span> <span class='ocrx_word' id='word_1_241' title='bbox 965 3331 1064 3414; x_wconf 90' lang='lat' dir='ltr'><strong>tetigi,</strong></span> <span class='ocrx_word' id='word_1_242' title='bbox 1087 3331 1126 3394; x_wconf 93' lang='lat' dir='ltr'><strong>de</strong></span> <span class='ocrx_word' id='word_1_243' title='bbox 1149 3330 1263 3408; x_wconf 87' lang='lat' dir='ltr'><strong>causis,</strong></span> <span class='ocrx_word' id='word_1_244' title='bbox 1286 3337 1350 3395; x_wconf 90' lang='lat' dir='ltr'><strong>turn</strong></span> 
     </span>
     <span class='ocr_line' id='line_1_31' title="bbox 229 3431 1354 3516; baseline 0.001 -21"><span class='ocrx_word' id='word_1_245' title='bbox 229 3431 312 3514; x_wconf 88' lang='lat' dir='ltr'><strong>aliis,</strong></span> <span class='ocrx_word' id='word_1_246' title='bbox 335 3451 415 3514; x_wconf 90' lang='lat' dir='ltr'><strong>quas</strong></span> <span class='ocrx_word' id='word_1_247' title='bbox 438 3431 546 3495; x_wconf 88' lang='lat' dir='ltr'><strong>statim</strong></span> <span class='ocrx_word' id='word_1_248' title='bbox 571 3431 748 3516; x_wconf 81' lang='lat' dir='ltr'><strong>explicabo,</strong></span> <span class='ocrx_word' id='word_1_249' title='bbox 772 3452 921 3515; x_wconf 87' lang='lat' dir='ltr'><strong>magnam</strong></span> <span class='ocrx_word' id='word_1_250' title='bbox 945 3432 1157 3516; x_wconf 89' lang='lat' dir='ltr'><strong>suspicionem</strong></span> <span class='ocrx_word' id='word_1_251' title='bbox 1172 3439 1354 3514; x_wconf 87' lang='lat' dir='ltr'><strong>moverunt·</strong></span> 
     </span>
     <span class='ocr_line' id='line_1_32' title="bbox 230 3532 1354 3618; baseline 0.001 -20"><span class='ocrx_word' id='word_1_252' title='bbox 230 3534 297 3598; x_wconf 89' lang='lat' dir='ltr'><strong>Nos</strong></span> <span class='ocrx_word' id='word_1_253' title='bbox 313 3553 397 3616; x_wconf 91' lang='lat' dir='ltr'><strong>vero,</strong></span> <span class='ocrx_word' id='word_1_254' title='bbox 421 3553 461 3598; x_wconf 90' lang='lat' dir='ltr'><strong>ue</strong></span> <span class='ocrx_word' id='word_1_255' title='bbox 483 3532 659 3617; x_wconf 87' lang='lat' dir='ltr'><strong>disputatio</strong></span> <span class='ocrx_word' id='word_1_256' title='bbox 682 3541 795 3599; x_wconf 88' lang='lat' dir='ltr'><strong>nostra</strong></span> <span class='ocrx_word' id='word_1_257' title='bbox 809 3535 947 3616; x_wconf 84' lang='lat' dir='ltr'><strong>vacillet,</strong></span> <span class='ocrx_word' id='word_1_258' title='bbox 969 3535 1096 3618; x_wconf 89' lang='lat' dir='ltr'><strong>singula</strong></span> <span class='ocrx_word' id='word_1_259' title='bbox 1113 3534 1256 3599; x_wconf 88' lang='lat' dir='ltr'><strong>membra</strong></span> <span class='ocrx_word' id='word_1_260' title='bbox 1276 3540 1354 3599; x_wconf 89' lang='lat' dir='ltr'><strong>trac·</strong></span> 
     </span>
     <span class='ocr_line' id='line_1_33' title="bbox 230 3635 380 3702; baseline 0.027 -4"><span class='ocrx_word' id='word_1_261' title='bbox 230 3635 380 3702; x_wconf 89' lang='lat' dir='ltr'><strong>tabimus.</strong></span> 
     </span>
    </p>

    <p class='ocr_par' dir='ltr' id='par_1_4' title="bbox 229 3738 1353 4234">
     <span class='ocr_line' id='line_1_34' title="bbox 315 3738 1351 3823; baseline 0.001 -21"><span class='ocrx_word' id='word_1_262' title='bbox 315 3739 522 3822; x_wconf 74' lang='lat' dir='ltr'><strong>domimum</strong></span> <span class='ocrx_word' id='word_1_263' title='bbox 545 3738 673 3821; x_wconf 88' lang='lat' dir='ltr'><strong>quidem</strong></span> <span class='ocrx_word' id='word_1_264' title='bbox 698 3739 805 3823; x_wconf 89' lang='lat' dir='ltr'><strong>verba,</strong></span> <span class='ocrx_word' id='word_1_265' title='bbox 828 3760 912 3822; x_wconf 86' lang='lat' dir='ltr'><strong>qnae</strong></span> <span class='ocrx_word' id='word_1_266' title='bbox 934 3740 1045 3805; x_wconf 89' lang='lat' dir='ltr'><strong>iudea</strong></span> <span class='ocrx_word' id='word_1_267' title='bbox 1062 3743 1081 3820; x_wconf 63' lang='grc' dir='ltr'>ξ</span> <span class='ocrx_word' id='word_1_268' title='bbox 1100 3744 1168 3805; x_wconf 79' lang='lat' dir='ltr'><strong>tto.</strong></span> <span class='ocrx_word' id='word_1_269' title='bbox 1191 3738 1351 3822; x_wconf 88' lang='lat' dir='ltr'><strong>usquead</strong></span> 
     </span>
     <span class='ocr_line' id='line_1_35' title="bbox 230 3839 1352 3925; baseline 0.002 -21"><span class='ocrx_word' id='word_1_270' title='bbox 230 3839 527 3925; x_wconf 64' lang='lat' dir='ltr'><strong>§respueruent</strong></span> <span class='ocrx_word' id='word_1_271' title='bbox 557 3840 715 3923; x_wconf 91' lang='lat' dir='ltr'><strong>quomodo</strong></span> <span class='ocrx_word' id='word_1_272' title='bbox 738 3862 807 3907; x_wconf 92' lang='lat' dir='ltr'><strong>cum</strong></span> <span class='ocrx_word' id='word_1_273' title='bbox 832 3848 909 3924; x_wconf 91' lang='lat' dir='ltr'><strong>tota,</strong></span> <span class='ocrx_word' id='word_1_274' title='bbox 940 3861 1024 3924; x_wconf 86' lang='lat' dir='ltr'><strong>quac</strong></span> <span class='ocrx_word' id='word_1_275' title='bbox 1048 3842 1160 3925; x_wconf 88' lang='lat' dir='ltr'><strong>agitur,</strong></span> <span class='ocrx_word' id='word_1_276' title='bbox 1184 3860 1283 3906; x_wconf 90' lang='lat' dir='ltr'><strong>causa</strong></span> <span class='ocrx_word' id='word_1_277' title='bbox 1307 3861 1352 3906; x_wconf 91' lang='lat' dir='ltr'><strong>co-</strong></span> 
     </span>
     <span class='ocr_line' id='line_1_36' title="bbox 230 3944 1351 4025; baseline 0.001 -18"><span class='ocrx_word' id='word_1_278' title='bbox 230 3945 393 4025; x_wconf 88' lang='lat' dir='ltr'><strong>haereant,</strong></span> <span class='ocrx_word' id='word_1_279' title='bbox 417 3944 594 4009; x_wconf 88' lang='lat' dir='ltr'><strong>videamus.</strong></span> <span class='ocrx_word' id='word_1_280' title='bbox 638 3944 817 4010; x_wconf 77' lang='lat' dir='ltr'><strong>Coniuncta</strong></span> <span class='ocrx_word' id='word_1_281' title='bbox 840 3951 945 4010; x_wconf 88' lang='lat' dir='ltr'><strong>autern</strong></span> <span class='ocrx_word' id='word_1_282' title='bbox 970 3952 1043 4009; x_wconf 90' lang='lat' dir='ltr'><strong>suut</strong></span> <span class='ocrx_word' id='word_1_283' title='bbox 1059 3964 1127 4009; x_wconf 86' lang='lat' dir='ltr'><strong>curu</strong></span> <span class='ocrx_word' id='word_1_284' title='bbox 1153 3945 1351 4010; x_wconf 87' lang='lat' dir='ltr'><strong>antecedenti</strong></span> 
     </span>
     <span class='ocr_line' id='line_1_37' title="bbox 229 4038 1353 4132; baseline 0 -23"><span class='ocrx_word' id='word_1_285' title='bbox 229 4052 322 4130; x_wconf 87' lang='lat' dir='ltr'><strong>parte</strong></span> <span class='ocrx_word' id='word_1_286' title='bbox 352 4047 458 4112; x_wconf 88' lang='lat' dir='ltr'><strong>verbis</strong></span> <span class='ocrx_word' id='word_1_287' title='bbox 489 4047 552 4111; x_wconf 85' lang='lat' dir='ltr'><strong>his:</strong></span> <span class='ocrx_word' id='word_1_288' title='bbox 584 4044 803 4131; x_wconf 76' lang='grc' dir='ltr'><strong><em>πανταχόθεν</em></strong></span> <span class='ocrx_word' id='word_1_289' title='bbox 831 4049 893 4130; x_wconf 79' lang='grc' dir='ltr'><strong>μὲν</strong></span> <span class='ocrx_word' id='word_1_290' title='bbox 921 4049 1040 4112; x_wconf 78' lang='grc' dir='ltr'><strong><em>τοίνυν</em></strong></span> <span class='ocrx_word' id='word_1_291' title='bbox 1073 4043 1173 4132; x_wconf 78' lang='grc' dir='ltr'><em>δῆλός</em></span> <span class='ocrx_word' id='word_1_292' title='bbox 1202 4038 1275 4111; x_wconf 76' lang='grc' dir='ltr'><strong>ἐσθ’</strong></span> <span class='ocrx_word' id='word_1_293' title='bbox 1303 4039 1353 4111; x_wconf 82' lang='grc' dir='ltr'><strong>ὅτι</strong></span> 
     </span>
     <span class='ocr_line' id='line_1_38' title="bbox 230 4140 1352 4234; baseline -0.002 -20"><span class='ocrx_word' id='word_1_294' title='bbox 230 4140 324 4214; x_wconf 72' lang='grc' dir='ltr'><em>τοῦτ’</em></span> <span class='ocrx_word' id='word_1_295' title='bbox 341 4145 487 4234; x_wconf 76' lang='grc' dir='ltr'><strong><em>ἔγραψεν</em></strong></span> <span class='ocrx_word' id='word_1_296' title='bbox 517 4147 774 4229; x_wconf 74' lang='grc' dir='ltr'><strong><em>ἐπιβουλεύσας,</em></strong></span> <span class='ocrx_word' id='word_1_297' title='bbox 815 4151 871 4214; x_wconf 84' lang='grc' dir='ltr'><strong>καὶ</strong></span> <span class='ocrx_word' id='word_1_298' title='bbox 901 4143 983 4233; x_wconf 78' lang='grc' dir='ltr'><em>μετὰ</em></span> <span class='ocrx_word' id='word_1_299' title='bbox 1013 4153 1076 4215; x_wconf 82' lang='grc' dir='ltr'><strong>τοῦ</strong></span> <span class='ocrx_word' id='word_1_300' title='bbox 1105 4143 1352 4231; x_wconf 77' lang='grc' dir='ltr'><strong>βουλεύσασθαι</strong></span> 
     </span>
    </p>
   </div>
   <div class='ocr_carea' id='block_1_3' title="bbox 0 0 1489 4824">
    <p class='ocr_par' dir='ltr' id='par_1_5' title="bbox 0 0 1489 4824">
     <span class='ocr_line' id='line_1_39' title="bbox 0 0 1489 4824; baseline 0 0"><span class='ocrx_word' id='word_1_301' title='bbox 0 0 1489 4824; x_wconf 95' lang='lat' dir='ltr'><strong> </strong></span> 
     </span>
    </p>
   </div>
  </div>
 </body>
</html>
