2998 4826
736 416 912 470 „32-

238 582 329 634 testes
355 576 392 632 ad
417 577 567 631 Pasionem
593 575 746 630 adducturi
771 574 893 630 fuissent
917 576 960 645 (33
985 575 1069 643 3-4,
1094 576 1172 643 6-7,
1198 575 1334 647 18—1s);
1362 591 1422 644 qua

239 684 361 752 Lyconis
388 684 537 738 voluntate
566 681 682 751 cognita
710 697 789 736 reum
820 683 912 750 ipsum
943 683 1133 737 hereditatem
1159 682 1337 751 aliquamdiu
1365 683 1420 738 sibi

239 791 423 846 omittendam
444 790 559 844 duxisse
579 790 622 859 (33
636 789 715 858 5-s,
730 790 782 858 19).
815 789 886 842 Tum
899 789 959 844 iure
979 789 1108 858 iurando,
1127 763 1204 858 quod
1218 790 1422 858 Apollodorus

239 899 399 967 obtulerat,
425 897 572 954 confirmat
592 899 752 968 Callippum
773 916 789 952 a
808 899 924 969 Lycone
944 913 1001 952 non
1024 897 1061 950 ad
1080 896 1230 950 Pasionem
1256 896 1419 951 adductum

239 1023 303 1062 esse
323 1008 421 1076 (317),
459 997 589 1076 Denique
610 1007 806 1062 adversarium
827 1023 843 1060 a
862 1007 979 1076 Lycone
998 1005 1149 1074 pecuniam
1170 1003 1246 1058 dono
1267 1005 1421 1073 accepisse

237 1115 299 1170 veri
319 1113 453 1168 dissimile
474 1129 536 1168 esse
557 1113 634 1182 dicit,
660 1112 737 1182 quod
764 1129 797 1167 eo
823 1111 1000 1168 familiariter
1020 1129 1076 1166 non
1096 1127 1164 1165 usus
1184 1111 1229 1169 sit.
1268 1111 1350 1175 Quae
1371 1128 1421 1165 res

238 1222 261 1276 si
281 1221 363 1276 aliter
386 1237 417 1276 se
442 1221 572 1288 haberet,
598 1227 675 1274 certe
695 1221 772 1288 Lyco
793 1237 855 1274 cum
874 1219 1034 1288 Megoclide
1064 1219 1187 1287 quodam
1211 1218 1331 1286 litigans
1353 1219 1420 1272 Cal-

237 1329 344 1396 lippum
358 1334 460 1382 testem
474 1329 646 1383 advocasset
665 1329 708 1397 (33
721 1329 838 1396 20-22)
859 1332 888 1382 et
904 1325 1087 1395 profecturus
1099 1325 1251 1394 pecuniam
1264 1341 1321 1378 non
1337 1323 1417 1393 apud

236 1436 396 1504 Pasionem,
415 1435 466 1490 sed
487 1435 564 1503 apud
583 1451 663 1489 reum
682 1435 845 1505 reliquisset
865 1437 907 1504 (33
927 1434 1054 1503 23-24).

328 1542 459 1597 Secundo
483 1543 545 1596 loco
566 1542 713 1610 Callippus
739 1542 874 1612 (quinque
900 1540 960 1596 fere
986 1546 1053 1610 post
1077 1554 1198 1600 menses⁴
1225 1555 1312 1606 quam
1339 1554 1417 1594 oom-

236 1655 352 1718 pererat
361 1649 511 1718 pecuniam
522 1666 538 1702 a
548 1650 664 1718 Lycone
677 1649 804 1703 relictam
816 1647 979 1718 Cephisiadi
992 1647 1157 1702 solvendam
1170 1649 1244 1714 esse)
1255 1651 1417 1713 propterea

236 1756 297 1810 iure
317 1771 347 1810 se
367 1755 444 1810 illam
463 1757 612 1825 pecuniam
633 1762 732 1824 petere
762 1756 883 1824 dixerat,
909 1755 987 1824 quod
1012 1769 1156 1823 proxenus
1175 1753 1413 1806 Heracleotarum

237 1868 329 1917 esset:
350 1878 380 1916 se
400 1869 432 1916 ut
450 1879 608 1931 proxenum
628 1868 705 1917 certe
726 1862 889 1932 Cephisiadi
907 1862 1043 1930 inquilino
1063 1858 1292 1930 praeferendum,
1317 1859 1414 1928 Lyco·

237 1982 301 2020 nem
321 1983 413 2036 neque
432 1968 536 2023 liberos
556 1985 649 2038 neque
668 1969 804 2024 heredem
823 1969 898 2023 domi
918 1968 1066 2036 reliquisse
1079 1966 1225 2035 Argisque
1245 1965 1414 2019 morientem

237 2087 280 2140 ea,
309 2089 382 2141 quae
411 2090 506 2128 secum
536 2075 698 2144 habuisset,
728 2076 836 2131 consuli
863 2076 911 2129 illa
935 2075 963 2127 in
989 2074 1059 2128 urbe
1089 2071 1231 2127 habitanti
1255 2071 1415 2126 tradidisse

237 2179 280 2248 (33
299 2179 406 2248 8-11).
446 2182 524 2246 Quae
551 2199 606 2252 quo
632 2184 694 2238 iure
714 2183 860 2251 Callippus
882 2179 1070 2248 contenderit,
1099 2179 1128 2232 in
1154 2177 1284 2232 oratione
1311 2182 1415 2231 nostra
1466 2195 1467 2198 ¹

236 2301 293 2340 non
312 2288 471 2355 exponitur.

327 2412 424 2466 Tertio
444 2413 506 2467 loco
521 2413 666 2482 Callippus
684 2415 833 2468 Pasionem
854 2413 948 2467 damni
967 2415 1079 2468 actione
1098 2418 1267 2482 persecutus
1287 2411 1414 2468 affirma·

236 2525 318 2572 verat
338 2534 402 2572 eum
420 2515 548 2586 βλάπτειν
566 2517 661 2576 ἑαυτὸν
681 2517 850 2576 ‹inodrdorurr
869 2518 1027 2595 qutorridp
1045 2517 1076 2574 τὸ
1097 2516 1235 2596 ἀργύριον,
1255 2515 1270 2572 ὃ
1288 2525 1412 2574 κατέλιπε

236 2621 336 2680 Λύκων
355 2621 369 2678 ὁ
388 2621 566 2698 Ἡρακλεώτης
583 2624 647 2701 παρ’
668 2625 747 2696 αὐτῷ,
774 2623 835 2684 ἄνευ
855 2622 937 2680 αὑτοῦ
964 2622 1170 2697 ὁμολογήσαντα
1193 2621 1232 2697 μὴ
1259 2622 1414 2680 ἀποδώσειν

237 2734 263 2802 (3
289 2734 333 2802 14)
363 2750 482 2803 cumque
511 2735 564 2790 sibi
593 2735 743 2803 pecuniam
771 2736 840 2790 dare
869 2735 993 2790 voluisse
1019 2737 1045 2804 (3
1072 2735 1126 2802 18).
1164 2734 1242 2798 Quae
1267 2733 1411 2788 dicentem

237 2840 359 2909 scriptor
379 2842 514 2896 orationis
534 2843 595 2901 Lll.
614 2843 654 2896 ita
673 2843 762 2912 reicit,
791 2849 823 2896 ut
841 2843 1010 2911 Apollodori
1029 2848 1141 2912 patrem
1161 2859 1177 2896 a
1196 2840 1347 2910 Lysithide
1367 2856 1410 2892 ar—

236 2947 321 3015 bitr0,
342 2948 463 3017 Callippi
478 2949 577 3017 antico,
596 2965 652 3002 non
667 2949 831 3004 damnatum
846 2965 908 3004 esse
921 2951 1062 3006 iudicibus
1075 2951 1102 3004 in
1117 2949 1279 3004 memoriam
1292 2951 1409 3002 revocet

236 3055 279 3124 (33
300 3055 416 3124 14-15)
444 3060 474 3110 et
493 3056 570 3110 dicat
589 3055 796 3124 Apollodorum
815 3057 972 3110 iuraturum
991 3055 1078 3110 fuisse
1098 3063 1155 3110 no'n
1174 3055 1228 3110 sihi
1247 3055 1337 3109 videri
1357 3056 1410 3108 Pa-

236 3161 343 3216 sionem
364 3163 401 3230 id,
422 3162 498 3230 quod
518 3179 584 3216 reus
605 3163 801 3232 contenderat,
820 3165 976 3232 pollicitum
996 3181 1059 3218 esse
1079 3168 1105 3234 (3
1125 3166 1178 3234 ll).

327 3287 408 3351 Quod
434 3303 519 3356 porro
540 3287 686 3357 Callippus
711 3289 838 3358 dixerat,
867 3287 1016 3344 Pasionem
1042 3306 1137 3344 coram
1161 3289 1289 3376 diaeteta
1315 3289 1408 3344 iurare

236 3395 360 3450 noluisse
381 3395 475 3466 (315),
494 3395 523 3448 id
543 3411 605 3449 eum
625 3397 736 3450 mentiri
756 3402 852 3462 orator
870 3395 924 3450 hoc
938 3397 1021 3450 modo
1037 3402 1206 3450 ostensurus
1221 3400 1283 3474 esta
1300 3395 1323 3448 si
1344 3412 1408 3450 rcus

235 3517 305 3556 vere
325 3500 533 3572 affirmavisset,
551 3502 889 3586 LysithidespPasionem,
905 3503 1131 3584 condemnasset
1147 3505 1190 3574 (33
1210 3504 1245 3556 15
1264 3510 1295 3559 ct
1314 3507 1360 3572 16)
1381 3511 1408 3558 et

236 3609 430 3676 Apollodorus
450 3625 506 3662 non
526 3625 641 3662 causam
661 3605 799 3684 ἀγρυριόυ,
820 3610 871 3672 sed
885 3607 990 3677 ἐξούλης
1005 3611 1118 3678 Ι(Ιῐοετθῐ
1137 3611 1163 3682 (3
1177 3611 1235 3682 16),
1254 3618 1411 3680 praeterea

236 3721 326 3769 testes
346 3716 383 3771 ad
404 3716 599 3770 adversarium
618 3715 805 3773 refellendum
828 3722 1010 3772 arcessuntur
1031 3719 1056 3790 (3
1077 3718 1147 3802 16).Ι

325 3839 397 3894 Tum
426 3846 521 3894 orator
550 3855 586 3894 ne
614 3840 759 3909 Callippus
785 3847 864 3896 reete
889 3841 1031 3897 iudicibus
1057 3843 1188 3896 videatur
1221 3847 1406 3898 contenturos

236 3962 298 4002 esse
312 3947 463 4002 Pasionem
476 3963 510 4002 eo
525 3947 640 4002 oonsilio
655 3946 817 4015 Cephisiadi
831 3949 979 4016 pecuniam
993 3949 1122 4018 solvisse,
1137 3953 1169 4004 ut
1180 3949 1242 4018 ipse
1256 3956 1406 4018 quaestum

234 4053 344 4110 faceret
364 4057 389 4126 (3
403 4057 456 4125 26),
476 4056 532 4110 duo
553 4060 722 4124 argumenta
742 4056 833 4124 affert,
853 4073 970 4126 quorum
984 4059 1103 4126 primurn
1117 4037 1170 4129 cst,
1189 4075 1244 4112 non
1259 4075 1322 4115 esse
1336 4061 1405 4114 veri-

234 4162 322 4216 simile
337 4161 505 4232 Apollodori
524 4169 635 4250 patrem
648 4162 752 4216 homini
766 4164 964 4232 potentissimo
982 4167 1111 4220 consulto
1125 4165 1255 4220 iniuriam
1269 4167 1407 4237 intulisse,
