2998 4826
591 407 767 460 -17-

88 566 226 634 Hagnias
246 565 279 632 (1)
298 581 391 634 neque
409 566 437 620 in
458 565 558 620 Stratii
577 566 612 634 (Ι)
631 564 935 649 familiis'inveniatur,
955 567 1007 621 sed
1026 567 1050 622 is
1070 567 1139 622 iilud
1157 567 1267 624 habeat

92 690 111 727 a
132 678 262 728 materna
281 672 395 728 familia.

185 798 333 852 Postremo
352 798 475 867 scriptor
495 799 640 854 evicturus
659 805 703 853 est
723 797 938 868 Theopompum
951 799 1042 868 ipsum
1057 799 1110 854 sibi
1125 800 1267 853 conscium

91 900 183 956 fuisse
203 902 334 970 Haguiae
354 903 401 971 (Π)
426 902 616 958 hereditatem
642 903 709 957 nihil
735 903 773 956 ad
798 919 828 957 se
853 903 1007 971 pertinere.
1044 904 1167 958 Primum
1195 906 1268 960 enim

91 1013 185 1076 negat
199 1023 263 1060 eum
276 1009 324 1062 illo
338 1013 477 1078 tempore,
491 1026 547 1078 quo
562 1010 671 1064 Glauco
686 1015 715 1064 et
726 1010 872 1064 Glaucone
882 1009 1017 1064 salsorum
1031 1015 1268 1065 testamentorum

91 1116 235 1170 convictis
255 1131 317 1169 cum
331 1115 524 1185 Phylomache
538 1117 585 1185 (Π)
604 1117 718 1184 litigare
732 1117 819 1184 licuit,
833 1117 964 1184 Hagniae
979 1117 1026 1186 (ΙΙ)
1042 1117 1118 1171 bona
1132 1119 1269 1186 petivisse

91 1224 120 1294 (ξ
140 1224 178 1292 5).
218 1223 298 1288 Quae
323 1239 369 1278 res
395 1223 471 1277 nuile
497 1225 636 1292 probatur
661 1224 831 1279 testimonio.
869 1225 940 1277 Tum
966 1223 1035 1278 dicit
1054 1223 1269 1295 Theopompum

91 1332 145 1386 lite
166 1331 287 1386 obtenta
307 1332 397 1386 olivas
423 1333 452 1385 in
470 1333 601 1400 Hagniae
615 1332 661 1400 (Π)
681 1330 776 1385 fundis
797 1332 937 1386 excidisse
957 1333 983 1402 (ξ
996 1333 1051 1401 69).
1080 1332 1159 1396 Quae
1180 1333 1271 1387 verba

94 1439 201 1492 nullius
221 1454 285 1493 esse
304 1438 447 1506 momenti,
467 1453 549 1492 nemo
569 1454 625 1491 non
645 1437 733 1494 videt.

190 1573 299 1638 Quibus
325 1572 361 1625 de
386 1571 557 1640 probatione
582 1570 719 1625 orationis
738 1571 900 1630 XXXXIII.
920 1571 1057 1640 expositis
1077 1573 1271 1640 quaerendum

96 1680 222 1749 videtur,
246 1695 304 1747 qua
323 1678 432 1732 ratione
453 1683 550 1732 orator·
577 1693 619 1746 ea,
646 1693 719 1747 quae
740 1677 934 1732 adversarium
954 1677 990 1732 ad
1011 1680 1272 1747 comprobationem

98 1786 264 1840 diluendam
293 1790 343 1838 aut
370 1783 566 1838 infirmandam
594 1785 770 1852 prolaturum
799 1800 862 1838 esse
890 1785 1053 1854 praevidet,
1085 1785 1193 1844 reiciat.
1236 1787 1274 1840 Et

95 1893 220 1962 primum
246 1892 361 1962 quidem
384 1891 573 1946 Macartatum
598 1890 941 1960 indicesaadmoniturum
967 1908 1030 1946 esse
1056 1892 1200 1947 existimat
1225 1892 1274 1948 he-

96 2001 253 2057 reditatem
273 1998 459 2068 Theopompo
478 2000 554 2068 patri
573 1999 601 2052 in
620 1999 724 2053 iudicio
751 2015 916 2054 concessam
939 2015 1002 2054 esse
1029 2002 1054 2066 (ξ
1074 2001 1127 2067 33),
1167 2001 1274 2054 Contra

96 2109 173 2162 haec
193 2106 276 2161 dicit:
302 2107 421 2175 primum
441 2104 653 2176 Phylomachen
674 2107 722 2174 (ΙΙ)
742 2106 829 2174 prius,
849 2122 933 2174 quam
953 2105 1177 2175 Theopompum,
1196 2108 1274 2162 litem

99 2214 260 2270 obtinuisse
280 2213 306 2283 (ξ
324 2214 397 2281 33η),
423 2211 526 2267 deinde
546 2210 758 2282 Phylomachen
778 2213 827 2279 (ΙΙ)
853 2213 927 2266 iuste
946 2211 1134 2268 hereditatem
1155 2215 1276 2268 evicisse

102 2325 131 2392 (ξ
140 2323 216 2391 seb),
230 2327 288 2376 tum
305 2321 473 2376 Eubulidem
485 2320 550 2388 (ΙΙΙ)
565 2321 668 2374 anullo
682 2320 775 2375 adhue
789 2321 816 2374 in
827 2320 957 2374 iudieieio
969 2320 1074 2374 vietum
1088 2336 1150 2376 esse
1166 2322 1191 2391 (ξ
1202 2321 1276 2390 eta),

105 2430 229 2497 denique
239 2444 311 2482 nrrne
323 2444 385 2482 esse
396 2427 472 2482 litem
483 2428 557 2482 iuter
568 2428 736 2482 Eubulidam
748 2429 811 2497 (ΙΙΙ)
824 2435 853 2482 et
863 2430 1051 2483 biaoartatum
1064 2432 1088 2497 (ξ
1099 2429 1172 2496 aab).
1193 2429 1277 2493 Quod

105 2541 204 2592 orator
218 2536 295 2604 dixit,
309 2535 521 2606 Phylomachen
532 2536 581 2603 (ΙΙ)
594 2535 677 2603 iuste,
691 2534 906 2604 Theopompum
917 2543 1022 2604 autem,
1036 2553 1098 2590 eum
1109 2552 1164 2590 non
1175 2535 1277 2592 fuisset

103 2661 140 2699 ex
152 2644 285 2712 Hagniac
300 2645 334 2713 (Ι)
346 2643 439 2711 dome,
449 2643 558 2696 iudices
571 2642 761 2712 decipientem
771 2642 902 2711 Hagniae
915 2643 1054 2710 (ibbonis
1068 2643 1189 2711 potitum
1205 2660 1280 2712 esse,

101 2749 132 2804 id
146 2765 244 2804 verum
260 2765 322 2804 esse
336 2766 399 2804 eum
415 2750 646 2818 comprobavisse
662 2749 759 2820 docui,
777 2765 849 2818 quae
863 2755 1016 2818 praeterea
1030 2749 1067 2802 ad
1081 2749 1276 2803 adversarium

103 2855 291 2910 refellendum
304 2856 459 2924 contendit,
474 2872 509 2911 ea
519 2855 586 2908 nihil
599 2871 663 2910 csse
673 2855 726 2910 nisi
736 2855 826 2910 verba
836 2856 931 2910 inania
941 2855 1061 2924 quisque
1071 2854 1154 2910 facile
1168 2855 1275 2911 intelie-

105 2969 164 3032 get.
191 2964 264 3016 Tum
278 2964 466 3018 Macartatum
480 2979 569 3030 aegre
583 2963 703 3016 laturum
719 2978 782 3016 esse
796 2962 959 3030 arbitratur,
980 2963 1056 3031 quod
1070 2967 1152 3031 patre
1167 2969 1278 3018 mortuo

105 3070 132 3123 in
146 3070 282 3125 iudicium
302 3070 456 3124 arcessitus
469 3070 506 3122 sit
526 3070 551 3140 (ᾖ
563 3071 617 3137 od).
646 3069 728 3132 Quod
742 3068 863 3137 scriptor
877 3069 1022 3138 orationis,
1041 3075 1073 3124 ut
1086 3069 1158 3122 haec
1170 3069 1280 3138 reiciat,

105 3177 184 3247 dicit,
195 3176 411 3246 Theopompum
430 3177 543 3246 quidem
564 3177 679 3245 obiisse,
699 3193 754 3230 nou
774 3178 854 3244 leges
875 3178 964 3245 (§GO),
984 3177 1013 3231 id
1034 3177 1108 3231 omni
1128 3194 1214 3232 sensu
1234 3196 1282 3234 ea·

106 3300 169 3340 rere
190 3300 246 3338 nou
267 3285 476 3355 contenderim3
496 3285 572 3352 quod
592 3289 695 3352 monet,
715 3300 771 3336 nen
784 3283 813 3336 id
827 3284 854 3336 in
868 3284 971 3337 iudicio
992 3285 1048 3353 agi,
1063 3289 1126 3338 uter
1140 3285 1216 3353 prior
1231 3290 1284 3337 aut

106 3391 250 3460 posterior
270 3397 397 3445 mortuus
417 3391 462 3460 sit,
482 3391 534 3445 sed
554 3407 619 3444 num
639 3391 725 3444 liceat
745 3391 793 3458 eis,
814 3390 862 3459 qui
875 3390 1046 3458 cognatione
1060 3393 1224 3446 remotiores
1244 3391 1283 3446 ab

106 3497 223 3567 Hagnia
243 3497 292 3566 (ΙΙ)
312 3503 386 3565 sunt,
412 3497 504 3551 eicere
531 3514 567 3552 ex
586 3497 647 3551 eius
667 3497 751 3550 domo
771 3513 828 3565 eos,
856 3497 904 3566 qui
923 3497 1071 3566 propiores
1097 3503 1163 3552 sunt
1183 3498 1208 3568 (ξ
1228 3498 1284 3564 iili,

107 3606 137 3659 id
165 3621 283 3673 prorsus
312 3604 379 3658 nihil
408 3605 445 3658 ad
471 3605 666 3659 adversarium
692 3603 874 3659 refutandum
900 3605 997 3658 valere
1023 3605 1203 3688 perspicuum
1231 3609 1283 3658 est.

107 3713 240 3779 Denique
254 3713 443 3766 Macartatum
461 3712 522 3766 iure
543 3712 656 3767 obicere
676 3727 762 3780 pesse
782 3717 872 3779 negat
891 3726 921 3764 se
941 3711 996 3764 iam
1018 3711 1066 3764 diu
1080 3711 1155 3764 bona
1169 3726 1186 3763 a
1200 3716 1285 3779 patre

108 3820 210 3874 relicta
229 3819 387 3888 possidere,
407 3835 469 3873 eum
489 3819 585 3887 gratia
604 3819 699 3887 potius
714 3818 740 3870 ei
754 3818 791 3871 sit
804 3816 945 3884 habenda,
965 3817 1041 3884 quod
1055 3821 1113 3870 tam
1128 3816 1176 3870 diu
1191 3818 1285 3871 aliena

108 3927 214 3981 iniuste
235 3927 326 3980 tenuit
348 3927 374 3996 (ᾗ
394 3927 447 3994 67),

201 4052 251 4106 His
281 4051 316 4106 de
345 4051 595 4120 argumentatione
623 4067 663 4105 or.
686 4049 848 4103 XXXXIII.
878 4048 914 4102 ad
943 4011 1025 4102 finem
1054 4047 1201 4115 perductis
1229 4048 1286 4101 iam
1350 4023 1352 4028 ,

111 4162 285 4216 disseramus

143 4290 221 4332 Uhle.
236 4289 385 4338 eraesrioras.
630 4275 646 4282 '¹
861 4269 864 4279 ’
1109 4262 1126 4314 2
