2998 4826
767 257 807 316 20

242 439 245 443 ’
295 441 335 523 A)
357 441 408 503 Ad
434 441 566 504 ordinem
593 442 720 522 priorem
746 442 895 522 pertinent
921 442 995 502 haec
1023 441 1168 528 exempla.
1213 442 1243 526 Ι)
1269 445 1284 505 1
1309 447 1368 520 §2

210 537 427 632 ψηφίσασθαι
449 539 509 624 μέν
529 533 589 630 ἤδη
614 538 671 630 τὴν
696 539 858 630 βοήθειαν
881 540 936 606 καί
966 536 1283 628 παρασκευάσασθαι
1311 540 1370 631 τὴν

209 640 372 733 ταχίστην,
403 638 498 721 ὅπως
519 641 647 710 ἐνθένδε
668 640 849 732 βοηθήσετε
871 647 919 727 (sc.
943 646 1114 728 Olynthiis).
1165 648 1216 708 Ad
1244 631 1369 710 eandem

209 770 271 812 rem
292 752 420 830 pertinet
446 757 542 810 totum
572 758 779 828 argumentum
807 749 974 809 orationum
995 748 1252 828 Olynthiacarum.
1296 755 1326 829 2)
1350 755 1369 812 3

211 859 227 928 fi
258 854 297 913 20
335 846 510 914 Φίλιππον
542 839 574 913 δ’
607 843 663 913 ἐᾶν
700 843 814 925 πόλεις
842 843 1026 936 Ἑλληνίδας
1060 842 1368 935 ἀνδραποδίζεσθαι.

209 953 242 1036 3)
267 957 305 1016 15
334 960 349 1029 §
374 959 392 1016 9
421 947 557 1018 asisium
578 945 719 1029 Ῥοδίους
748 947 943 1037 ἐλευθεροῦν.
993 955 1031 1015 Iu
1061 954 1162 1016 eodem
1195 963 1370 1034 argumento

209 1065 273 1118 tota
293 1057 387 1118 oratio
403 1057 508 1136 quinta
522 1055 637 1117 decima
650 1064 793 1118 versatur.
836 1056 869 1139 1)
887 1060 924 1116 15
942 1062 957 1131 ξ
971 1059 1010 1117 30
1034 1049 1125 1119 ἐσται
1142 1051 1177 1118 δέ
1190 1047 1289 1134 ταῦτ’,
1313 1051 1369 1118 ἐὰν

209 1147 429 1243 ὑποληφθῆτε
450 1154 553 1221 κοινοί
575 1149 756 1241 προστάται
778 1157 835 1243 τῆς
857 1148 989 1220 ποίντιυν
1011 1151 1195 1241 ἐλευθερίας
1216 1147 1307 1220 εἶναι.

227 1340 229 1342 ¹
293 1260 331 1338 B)
358 1260 507 1340 Exempla
535 1261 573 1321 ad
602 1261 791 1340 posteriorem
820 1260 951 1320 ordinem
979 1262 1159 1341 pertinentia
1187 1259 1291 1339 collegi
1318 1264 1369 1323 45.

209 1361 313 1423 Pauca
328 1361 377 1422 hic
390 1361 490 1424 affero.
526 1360 556 1441 1)
575 1367 593 1423 6
610 1367 625 1438 ξ
640 1365 678 1424 16
695 1352 809 1440 πάνθ’,
825 1351 846 1424 ἃ
862 1355 1121 1446 πραγματεύεται
1134 1361 1183 1442 (sc.
1191 1362 1370 1443 Philippus),

210 1459 294 1527 κατὰ
315 1463 372 1548 τῆς
402 1457 530 1539 πόλεως
559 1463 608 1544 (sc.
628 1463 826 1546 Athenarum)
854 1457 1032 1527 συντάττων
1044 1469 1076 1542 1).
1132 1469 1161 1541 2)
1186 1468 1204 1526 8
1228 1471 1243 1540 ἓ
1267 1469 1285 1526 5
1312 1484 1371 1527 συ-

211 1558 402 1644 σκευάζεται
423 1555 549 1640 πάντας
564 1556 761 1650 ἀνθρώπους
777 1558 825 1652 ἐηί
849 1558 947 1653 ἡμᾶς,
977 1569 1008 1648 6)
1035 1571 1052 1629 9
1072 1571 1120 1643 §9
1144 1557 1252 1627 πάντα
1267 1553 1371 1628 τίίλλα

209 1663 317 1750 λαβὼν
339 1658 387 1753 ἐφ’
410 1658 495 1752 ἡμᾶς
515 1661 627 1754 ἥξειῖ).
671 1670 704 1751 4)
729 1674 767 1730 18
791 1676 806 1745 5
826 1675 863 1732 71
888 1658 1083 1750 ἐπιτείχισμ’
1107 1661 1167 1731 ἐπί
1189 1659 1370 1764 τηνἈττι-

209 1763 278 1852 κη’ν.
323 1771 354 1854 5)
379 1773 417 1831 18
440 1777 456 1846 ἓ
480 1774 519 1832 87
543 1764 648 1852 ἕτερον
669 1767 752 1832 κατὰ
773 1771 831 1856 τῆς
852 1763 980 1846 πόλεως
1002 1771 1050 1851 (sc.
1070 1769 1268 1852 Athenarum)
1293 1765 1369 1833 ἐπι-

209 1869 374 1953 τειχισμὸν
396 1865 499 1957 ἐζήτει
518 1896 523 1907 ’
541 1862 623 1955 δρῶν
645 1862 686 1948 δ’,
711 1861 763 1934 ὅτι
785 1867 866 1956 σίτιμ
882 1868 1014 1960 πάντων
1026 1863 1210 1958 ἀνθρώπων
1224 1867 1369 1958 πλείστῳ

207 1966 350 2060 χρώμεθ’
374 1968 558 2058 ἐπεισάκτῳ
570 1973 612 2057 ³),
644 1968 835 2055 βουλόμενος
855 1975 911 2059 τῆς
934 1969 1163 2058 σιτοπομπίας
1188 1969 1295 2061 κύριος
1316 1996 1370 2058 χε·
1486 2039 1487 2050 ,

210 2072 377 2161 νέσθαιέ).
427 2079 458 2156 6)
482 2081 520 2139 19
544 2084 559 2154 ξ
583 2079 643 2139 326
667 2065 834 2162 ὁρμητήρι’
859 2064 908 2160 ἐφ’
933 2067 1017 2158 ὑμᾶς
1039 2074 1071 2140 ἐν
1092 2069 1217 2164 Εὐβοίᾳ
1242 2072 1369 2140 Φίλιπ-

210 2200 276 2256 πος
298 2171 649 2262 προκατασκευάζεται.

295 2282 425 2344 Videtur
448 2283 539 2361 igitur
553 2303 589 2342 ea
603 2281 744 2342 orationis
759 2281 923 2361 diremptio,
946 2303 1036 2361 quam
1047 2282 1252 2344 Kirchhoffius
1265 2282 1369 2356 voluit,

210 2385 308 2446 causis
330 2382 531 2464 compluribus
540 2386 563 2464 ⁵)
584 2385 683 2444 minus
703 2384 909 2446 commendari.
957 2384 1016 2446 Sed
1044 2385 1158 2464 aliquid
1184 2385 1369 2459 discriminis,
1449 2461 1454 2471 Ι

210 2487 267 2548 nisi
289 2486 386 2561 fallor,
407 2488 485 2548 inter
505 2495 601 2547 totum
616 2487 774 2548 verborum
788 2495 967 2561 contextum,
989 2487 1108 2567 qualem
1121 2508 1202 2549 nunc
1215 2487 1369 2563 habemus,

209 2588 381 2651 faciendum
402 2597 454 2651 est.
497 2589 689 2668 Reputemus‚
712 2609 829 2669 quaeso,
850 2590 931 2650 haec.

294 2692 327 2754 Si
350 2693 416 2771 quis
438 2691 588 2754 Graecum
610 2691 779 2771 exemplum
800 2691 882 2752 illius
903 2692 1043 2753 orationis
1065 2692 1109 2752 ita
1129 2690 1210 2770 legit,
1238 2699 1273 2751 ut
1292 2691 1369 2751 nihil

209 2795 267 2856 nisi
294 2793 387 2856 verba
408 2784 625 2855 Demosthenis
645 2795 744 2855 auimo
772 2794 945 2875 simpliciter
972 2793 1117 2873 percipiat
1144 2814 1240 2873 neque
1271 2793 1369 2853 ullum

208 2895 401 2958 intervallum
422 2896 525 2972 faciat,
555 2898 706 2971 videntur,
736 2899 761 2957 si
787 2918 825 2957 ex
853 2898 906 2971 eis,
936 2916 1013 2975 quae
1039 2896 1103 2975 ipse
1127 2906 1266 2977 expertus
1294 2917 1368 2970 sum,

209 3007 287 3060 recte
309 2999 441 3059 iudicare
462 3019 589 3078 possum,
612 3000 728 3060 circiter
743 3001 799 3076 3lf2
823 2997 913 3058 horae
935 3018 1008 3078 opus
1030 2999 1057 3058 ei
1079 3018 1149 3060 esse.
1191 2999 1256 3061 Vix
1277 2999 1369 3078 igitur

209 3101 272 3161 fieri
294 3101 399 3180 potuit,
422 3109 457 3160 ut
478 3101 510 3160 in
531 3100 641 3161 iudicio
663 3102 766 3163 eadem
787 3102 889 3174 oratio,
918 3121 937 3161 a
957 3100 1157 3162 Demosthene
1178 3091 1288 3168 iudea
1309 3107 1325 3178 ἓ
1350 3105 1367 3163 1

210 3223 304 3283 usque
326 3203 365 3263 ad
387 3209 402 3278 ξ
427 3205 488 3264 324
510 3203 553 3263 ita
573 3204 710 3277 recitata,
745 3211 779 3264 ut
804 3202 964 3264 intervalla
990 3203 1021 3262 in
1049 3202 1173 3264 dicendo
1198 3212 1276 3265 recte
1302 3225 1370 3266 con-

210 3307 345 3366 stitueret
355 3313 385 3366 et
398 3305 629 3384 unumquodque
641 3306 764 3367 verbum
774 3306 864 3386 plane
875 3314 965 3385 atque
977 3305 1133 3367 articulate
1143 3305 1329 3386 eloqueretur
1338 3309 1368 3388 ⁶),

279 3531 307 3598 1)
326 3531 456 3593 Βλοσσίου,
475 3527 523 3594 111,
544 3531 567 3594 1,
586 3529 645 3580 304.
709 3528 737 3595 2)
755 3526 910 3580 Drewesius
930 3527 967 3593 (in
986 3545 1077 3595 progr.
1096 3543 1220 3595 gymnas.
1238 3529 1368 3584 Brunsvi·

212 3619 323 3686 ciensis,
360 3618 450 3687 1666),
487 3633 512 3683 p.
544 3616 655 3667 33-36.
725 3615 752 3682 3)
779 3613 884 3667 Eadem
911 3615 997 3667 verba
1026 3614 1156 3683 leguntur
1184 3615 1258 3682 apud
1289 3616 1367 3670 Dem.

210 3709 244 3760 20
263 3705 278 3776 ξ
297 3709 338 3760 31.
410 3705 439 3768 4)
459 3702 499 3756 ef.
519 3719 558 3768 ea,
578 3719 647 3770 quae
667 3701 829 3770 σχολιαστής
847 3701 961 3768 quidam
982 3702 1066 3770 (apud
1085 3701 1253 3771 Dobsonem‚
1278 3702 1307 3756 Ο.
1326 3705 1368 3765 A..

210 3799 275 3849 tom.
294 3793 328 3860 X,
348 3810 374 3860 p.
394 3794 454 3858 102)
474 3789 509 3843 ad
530 3807 562 3843 ea
580 3791 673 3852 verba,
697 3806 767 3857 quae
786 3794 850 3842 sunt
870 3793 917 3856 „rt
934 3791 1046 3858 ἔμελλον
1063 3785 1222 3856 κελεύσειν“,
1246 3790 1275 3842 in
1294 3791 1368 3844 hunc

209 3881 321 3934 modum
340 3879 499 3946 adscripsit:
529 3873 636 3945 ,,ἐδόκει
661 3917 667 3930 .
694 3917 699 3929 .
726 3915 732 3930 ,
757 3877 920 3936 Βυζαντίους
938 3875 1063 3947 ὠφελεῖν,
1090 3875 1187 3948 ὠφέλει
1206 3875 1237 3930 δὲ
1255 3878 1301 3928 καὶ
1319 3875 1369 3945 τὴν

210 3965 290 4018 πόλιν
309 3969 356 4031 (sc.
376 3965 508 4034 Athenas)
528 3960 579 4015 διὰ·
593 3961 642 4030 τὴν
659 3967 875 4034 σιτοπομπίαν“.
939 3966 967 4032 5)
985 3965 1035 4031 Ea,
1053 3982 1122 4032 quae
1140 3966 1187 4019 alii
1205 3968 1367 4035 attulerunt,

210 4055 335 4108 consulto
358 4053 404 4106 hic
423 4052 626 4121 praetermitto,
697 4054 724 4120 6)
745 4052 873 4116 Constat,
899 4059 1030 4120 quantum
1050 4053 1127 4105 Dem.
1153 4053 1284 4109 tribuerit
1313 4055 1367 4109 elo·

209 4141 321 4197 cutioni.
349 4139 414 4205 (lic,
434 4139 525 4201 deor,
544 4137 592 4203 ΙΙΙ,
611 4141 652 4204 66,
672 4141 732 4192 213.
763 4139 843 4202 Plut,
861 4140 948 4207 Dom,
967 4144 1024 4192 7et
1038 4143 1078 4192 11.
1106 4139 1212 4207 Libum,
1231 4142 1266 4195 ad
1278 4142 1367 4210 Dem,

208 4245 235 4302 p.
255 4231 271 4284 3
292 4231 354 4286 et4
383 4225 415 4280 R.
452 4225 559 4280 Cssvit.
588 4225 647 4279 dec.
673 4242 726 4294 or,
752 4229 816 4293 840,
834 4227 859 4279 Ι)
878 4227 932 4295 (IV,
955 4229 976 4295 1,
995 4244 1023 4295 p.
1044 4229 1094 4280 372
1114 4225 1211 4297 Wytt.)
1230 4232 1258 4283 et
1275 4228 1366 4284 Valer.

395 4672 811 4810 2-
