2988 4820
602 403 777 460 ..41-

94 570 202 638 partes
221 566 356 636 (narratio
375 561 501 636 deripuere,
521 563 697 622 confirmatio
717 560 854 628 ἀπόδειξις
871 581 893 620 s.
906 570 999 628 πίστις,
1013 562 1147 621 refutatio
1160 559 1194 618 τὰ
1206 559 1274 638 πρὸς

99 670 244 731 ἀντίδικον
261 691 283 734 s.
302 670 386 742 λύσις)
412 672 566 728 distinctae
584 673 659 728 inter
678 689 709 728 se
728 674 757 728 in
776 673 962 743 orationibus,
988 674 1025 730 de
1044 674 1148 744 quibus
1167 673 1272 743 agitur,

98 787 191 852 atque
211 798 246 836 ex
263 780 410 836 rhetorum
428 781 796 862 praeceptiseolioeentur.
825 781 921 851 Atque
940 781 1060 850 primum
1080 779 1193 850 quidem
1213 780 1271 836 vidi

96 890 271 959 scriptorem
301 889 461 944 orationum
486 887 605 947 XXXV.
630 887 1001 948 XXXXIli.XXXXV111.
1026 888 1169 957 nonnulla,
1197 902 1272 955 quae

94 999 127 1052 in
141 997 307 1054 narratione
320 996 544 1065 exspectaveris,
556 996 710 1051 inseruisse
720 997 836 1066 reliquis
849 994 984 1051 orationis
994 995 1134 1065 partibus.
1160 994 1270 1050 Etenim

93 1105 126 1160 in
147 1103 278 1159 oratione
295 1101 415 1163 XXXV.
434 1102 569 1171 narratio,
595 1109 776 1174 quaeratur,
804 1119 889 1174 quem
908 1102 944 1158 ad
964 1102 1078 1162 modurn
1090 1102 1186 1172 pactio
1206 1116 1271 1156 eon·

94 1209 178 1266 fecta
199 1225 341 1279 quemque
360 1209 398 1264 ad
416 1209 530 1265 modum
548 1211 629 1265 laesa
648 1210 693 1280 sit,
713 1211 831 1282 exponit
849 1210 1010 1285 (QG-td),
1030 1209 1210 1266 continuatur
1228 1207 1271 1276 iis,

96 1335 176 1390 quae
195 1319 229 1388 §S
248 1317 355 1372 36-38
373 1321 403 1372 et
420 1317 527 1372 50-54
550 1317 737 1387 explicantur,
773 1319 845 1373 Num
870 1324 992 1388 utroque
1017 1318 1079 1374 leco
1105 1329 1271 1371 commemo·

95 1429 190 1493 ratur,
219 1424 261 1478 uti
285 1424 314 1478 in
339 1424 387 1478 illa
415 1424 552 1478 orationis
579 1429 671 1494 purte,
701 1442 758 1495 qua
782 1425 838 1480 alia
864 1426 948 1480 etiarn
974 1425 1084 1480 ratione
1109 1421 1271 1478 Phaselitae

94 1537 217 1603 paetum
231 1532 420 1601 neglexerint,
438 1532 486 1586 illo
500 1532 622 1602 quidem,
636 1533 713 1602 quod
728 1533 780 1588 100
792 1538 916 1588 stateres
930 1533 1084 1602 Cyzicenos
1097 1528 1270 1586 naviculario

96 1638 214 1694 cuidam
239 1643 351 1694 mutuos
375 1639 516 1709 dederint,
542 1640 604 1708 hoe,
628 1641 705 1709 quod
724 1641 883 1710 pecuniam,
908 1655 982 1710 quiae
1007 1640 1036 1694 in
1055 1641 1175 1694 Pontum
1201 1635 1270 1690 data

97 1751 163 1803 erat
190 1750 221 1800 et
247 1762 345 1801 rursus
364 1745 503 1816 Athenas,
530 1746 558 1800 in
579 1746 677 1801 Chium
702 1746 768 1800 vehi
792 1747 870 1816 passi
896 1746 960 1805 sint.
998 1745 1170 1814 Saepissime
1196 1741 1271 1796 redit

96 1857 198 1907 orator
218 1852 255 1906 ad
274 1852 354 1922 prius
373 1857 506 1908 enarrata
524 1853 553 1908 in
572 1854 701 1908 oratione
716 1853 879 1914 XXXXIH.
911 1853 992 1919 Quod
1013 1853 1087 1908 enim
1107 1853 1172 1922 §da
1191 1849 1269 1918 dicit,

94 1957 315 2028 Phyiomachen
334 1960 384 2030 (ΙΙ)
410 1960 565 2016 seeundum
591 1961 672 2030 leges
690 1960 850 2016 hereditate
873 1960 994 2030 potitam
1014 1973 1076 2014 esse
1096 1955 1270 2012 adversariis

93 2064 170 2135 ipsis
190 2081 253 2120 eam
272 2065 403 2136 Hagniue
422 2067 473 2138 (II)
495 2067 667 2136 cognatione
692 2068 850 2137 proximum
876 2083 939 2124 esse
963 2065 1216 2130 consentientibus,
1241 2062 1269 2117 id

95 2175 112 2240 ἓ
125 2172 191 2242 321)
210 2172 252 2226 ita
265 2173 379 2242 repetit,
398 2179 431 2228 ut
443 2189 506 2228 eam
519 2188 575 2229 non
588 2174 697 2230 insidiis
711 2191 800 2245 usam,
819 2173 871 2230 sed
884 2175 1015 2245 Hagniae
1029 2174 1077 2245 (ΙΙ)
1098 2172 1269 2243 cognatione

97 2278 259 2347 proximam
289 2279 317 2332 in
344 2279 448 2334 iudicio
476 2280 579 2336 vicisse
607 2281 693 2340 dieat.
732 2281 814 2348 Quod
844 2283 876 2353 §S
896 2283 994 2340 8-10
1017 2286 1140 2350 enarrat,
1168 2280 1270 2350 Phylo-

99 2384 220 2440 maohen
239 2386 289 2456 (Ii)
308 2387 385 2442 litem
405 2392 504 2443 eontra
524 2388 739 2458 Theopompum
758 2389 895 2460 omisisse,
922 2406 983 2445 eum
1011 2387 1167 2444 adversarii
1186 2403 1269 2457 para·

98 2492 200 2547 tissimi
219 2493 394 2548 accesserint
411 2494 441 2548 in
458 2493 602 2565 iudieium,
622 2495 676 2551 sibi
695 2495 816 2551 invicem
836 2497 964 2551 auxiliati
984 2496 1040 2551 sint
1056 2493 1186 2564 falsaque
1205 2509 1269 2563 pro-

95 2599 224 2686 tulerint,
234 2600 263 2655 id
274 2601 436 2656 accuratius
446 2603 605 2672 explicatur
615 2620 671 2659 non
681 2605 771 2659 seium
781 2605 809 2659 in
820 2605 991 2671 narrationts
999 2603 1089 2672 ipsius
1096 2602 1269 2674 §grau-30,

94 2708 211 2777 quibus,
230 2723 286 2776 quo
307 2708 454 2765 mendacio
468 2725 536 2765 usus
550 2709 751 2780 Theopompus
765 2712 872 2781 vicerit,
891 2711 964 2780 legis
983 2709 1205 2782 (Phylomaeheu
1219 2709 1268 2778 (ΙΙ)

94 2830 153 2868 uon
174 2812 263 2868 foisse
282 2815 443 2871 Polemonis
468 2833 593 2872 sororem
619 2833 784 2886 germanam
810 2833 898 2888 seque
918 2833 953 2872 ex
972 2817 1104 2887 Hagniae
1123 2817 1158 2885 (Ι)
1184 2816 1267 2872 domo

95 2923 181 2990 esse),
201 2921 253 2976 sed
273 2922 359 2976 etium
378 2924 555 2993 8838-39a,
574 2924 622 2979 ubi
642 2930 739 2979 orator
758 2923 882 2980 affirmat
895 2924 1104 2995 Phytomaehae
1124 2926 1200 2980 bona
1219 2925 1267 2980 ab·

96 3029 227 3084 iudicata
247 3044 319 3098 esse,
342 3029 419 3098 quod
439 3031 530 3086 nullos
549 3037 640 3086 testes
659 3032 849 3103 arcessiverit,
875 3033 1031 3090 aduersarii
1051 3039 1144 3088 autem
1165 3031 1267 3103 Phyto·

96 3135 218 3191 machen
244 3137 293 3206 (ΙΙ)
324 3152 449 3192 sororem
477 3153 643 3206 germanam
672 3139 832 3194 Polemonis
865 3155 928 3196 esse
965 3141 1149 3212 negas-eriam
1191 3139 1267 3209 quod

94 3245 110 3314 S
132 3245 397 3313 manuteneat,
417 3244 576 3302 Sositheum
596 3247 744 3302 Eubulidis
765 3247 814 3317 (ΙΙ)
837 3265 974 3317 generum
994 3264 1066 3318 esse,
1086 3249 1115 3303 id
1134 3249 1149 3318 S
1165 3249 1200 3302 55
1219 3263 1267 3301 ex-

93 3351 230 3419 plicatius
250 3352 377 3408 videmus
397 3355 558 3424 expositum
578 3358 714 3424 (actorem
734 3355 945 3426 Phylomuehen
966 3358 1015 3425 (ΙΙ)
1034 3357 1146 3426 legibus
1164 3370 1266 3425 paren-

94 3463 151 3513 tem
178 3458 208 3514 in
232 3459 335 3515 iudicio
359 3462 521 3535 petivisse),
550 3463 683 3533 quodque
707 3467 722 3532 ἓ
742 3463 776 3518 14
799 3464 834 3520 de
855 3465 1003 3544 liubuiidis
1022 3465 1086 3534 (111)
1112 3463 1266 3532 adoptione

93 3569 204 3633 narrat,
230 3565 254 3620 ei
275 3565 389 3622 additur
409 3569 424 3638 S
443 3569 478 3623 82
498 3570 685 3625 Macartatum
705 3571 796 3643 ipsum
816 3579 917 3642 aperto
937 3573 1074 3643 suffragio
1093 3572 1265 3628 iudicavisse

93 3673 174 3726 illum
194 3672 322 3742 legitime
342 3674 475 3745 adoptari
495 3682 524 3731 et
554 3684 653 3746 ,parte
673 3679 798 3734 earnium
827 3698 844 3735 a
868 3697 957 3752 puero
986 3686 1122 3751 accepta“
1152 3681 1266 3740 abiisse.

94 3779 228 3834 Narratio
260 3780 396 3836 orationis
427 3781 616 3843 XXXXVHI.
644 3787 688 3856 (ss
715 3785 827 3855 4-33)
858 3789 971 3844 duobus
1001 3789 1070 3844 iocis
1102 3790 1266 3845 extenditur

94 3887 138 3956 (ss
157 3885 266 3940 43-44
291 3892 321 3942 et
343 3887 475 3962 48-49);
505 3891 596 3946 altere
620 3908 663 3963 eu,
692 3911 766 3963 quae
792 3901 806 3962 ς
832 3897 866 3950 31
894 3897 1020 3955 breviter
1044 3896 1171 3952 indicata
1199 3904 1266 3953 sunt

94 3987 344 4068 ([ὈΙυμπιὸιΙωρος]
371 3995 458 4064 ἔλεγεν
476 3988 491 4048 ὅ
510 4017 535 4050 τι
554 3994 683 4066 ἐβούλετο,
708 4007 754 4054 καὶ
777 4010 929 4077 μαρτυρίας
952 4011 1097 4082 παρείχετο
1123 3999 1155 4068 ἃς
1179 4003 1266 4072 idoare

185 4172 207 4247 ¹)
227 4170 387 4232 continetur
406 4175 479 4236 enirn
498 4178 624 4248 narratio
643 4179 676 4259 ᾗῇ
695 4180 792 4246 3-30,
