2954 4824
189 330 229 390 44

188 497 319 580 partitio
343 495 628 579 argumentationis
651 496 792 580 genuina
814 496 971 562 interiisse
988 497 1120 562 videtur,
1165 498 1307 579 Sequun-

188 607 239 665 tur
261 599 279 685 ξ
300 604 345 666 19.
368 600 522 686 (πρῶτον
544 601 605 684 μὲν
627 585 699 678 οὖν,
723 591 806 685 ὅπερ
829 591 962 685 ἠδίκησε
985 603 1124 684 πρῶτον
1139 598 1308 684 -ξ109.,

190 704 306 785 quibus
328 704 563 786 argumentatio
587 703 772 785 continetur,
799 707 818 784 ξ
838 704 1031 784 tre—143,
1059 722 1143 784 quae
1166 703 1309 768 eoufuta-

189 805 287 868 tionis
310 804 380 869 loeo
402 805 537 870 fuerunt.
581 804 629 867 Ex
653 803 702 867 his
725 804 875 868 membris
898 805 929 866 iu
954 805 1130 868 orationem
1153 805 1185 867 iu
1208 823 1308 868 eausa

189 903 333 970 habitam
366 914 471 970 orator
501 905 662 969 transtulit
692 907 788 970 haee:
819 909 964 987 §t-e,
993 906 1129 984 §tt—9.
1156 904 1310 990 (λαβεῖν),

190 1011 209 1086 ἓ
229 1011 274 1072 10.
297 1006 346 1091 (ἐξ
369 998 468 1092 ἀρχῆς
496 993 571 1091 οὖν)
601 1043 643 1053 -
670 1005 689 1092 ξ
709 1009 754 1071 13.
777 997 941 1090 (ὀφείλειν
963 1010 1003 1089 τῇ
1030 1002 1152 1090 πόλει),
1183 1006 1311 1070 addidit

190 1114 298 1172 autem
321 1111 340 1189 ξ
361 1113 407 1174 14.
434 1098 637 1192 (γράφονται
660 1099 699 1172 τὸ
722 1099 888 1193 ψήφισμα)
920 1146 961 1154 -
991 1106 1010 1193 ξ
1030 1111 1077 1173 16.
1099 1099 1310 1172 δεινοτάτου.

192 1211 258 1274 Hoo
293 1212 488 1295 prooemium
519 1217 629 1276 soeuta
657 1215 706 1274 est
736 1210 865 1293 partitio
895 1209 1196 1293 argumentationis,
1226 1230 1311 1291 quae

189 1314 318 1397 interiit,
340 1313 456 1380 deinde
479 1313 712 1396 argumentatio
735 1311 754 1398 ξ
773 1315 943 1396 19.-109.,
965 1319 1031 1377 tum
1052 1320 1159 1378 autem
1182 1315 1215 1378 iu
1239 1335 1312 1379 eon·

189 1417 353 1482 tutationis
376 1417 462 1480 illius
484 1418 585 1480 loeum
609 1415 707 1480 aliam
732 1415 902 1499 substituit,
924 1435 1009 1500 quae
1025 1436 1064 1481 ex
1088 1416 1137 1480 bis
1160 1417 1312 1482 membris

190 1526 329 1584 constat:
363 1521 468 1599 5187.
498 1513 557 1600 (ὡς
586 1517 646 1600 μὲν
676 1510 768 1602 (οὖν)
797 1508 860 1581 οὐκ
888 1509 1097 1603 ἀσύμφορος)
1127 1555 1168 1564 —-
1195 1516 1312 1602 ξω,

191 1620 420 1704 §reu-rso,
443 1625 547 1702 5215.
571 1657 612 1666 -
634 1619 708 1685 extr.

277 1721 518 1805 Argumentatio
541 1727 657 1803 autem,
681 1727 723 1806 nt,
752 1722 837 1804 quud
860 1721 1025 1803 intermisi,
1054 1720 1087 1785 id
1116 1741 1201 1785 nune
1223 1739 1311 1804 repe·

191 1833 542 1910 tam,p1·optereanon
566 1826 667 1889 solum
691 1825 867 1908 posteriori,
897 1824 954 1889 sed
984 1825 1081 1889 etiam
1112 1824 1210 1908 priori
1241 1843 1312 1888 ora-

190 1931 267 1994 tioni
285 1928 479 1994 vindicanda
502 1935 560 2010 ost,
582 1929 665 2010 quod
688 1931 707 2010 ξ
727 1933 794 2012 114,
817 1949 912 2010 quam
933 1927 1048 2011 prioris
1063 1927 1217 1992 orationis
1239 1948 1312 1994 esse

190 2032 343 2115 vidimus,
373 2031 415 2096 ad
445 2029 730 2113 argumentationis
758 2031 870 2112 verba,
903 2049 987 2112 quae
1018 2027 1125 2114 §rot
1155 2031 1313 2114 leguntur,

190 2142 364 2201 renouatur.
