<?xml version="1.0" encoding="UTF-8"?>
<!DOCTYPE html PUBLIC "-//W3C//DTD XHTML 1.0 Transitional//EN"
    "http://www.w3.org/TR/xhtml1/DTD/xhtml1-transitional.dtd">
<html xmlns="http://www.w3.org/1999/xhtml" xml:lang="en" lang="en">
 <head>
  <title>
</title>
<meta http-equiv="Content-Type" content="text/html;charset=utf-8" />
  <meta name='ocr-system' content='tesseract 3.04.00' />
  <meta name='ocr-capabilities' content='ocr_page ocr_carea ocr_par ocr_line ocrx_word'/>
</head>
<body>
  <div class='ocr_page' id='page_1' title='image "./dedemosthenisor00hubogoog_0203.png"; bbox 0 0 2954 4824; ppageno 0'>
   <div class='ocr_carea' id='block_1_1' title="bbox 183 316 224 376">
    <p class='ocr_par' dir='ltr' id='par_1_1' title="bbox 183 316 224 376">
     <span class='ocr_line' id='line_1_1' title="bbox 183 316 224 376; baseline 0 0"><span class='ocrx_word' id='word_1_1' title='bbox 183 316 224 376; x_wconf 81' lang='lat'><strong>40</strong></span> 
     </span>
    </p>
   </div>
   <div class='ocr_carea' id='block_1_2' title="bbox 124 475 1379 3843">
    <p class='ocr_par' dir='ltr' id='par_1_2' title="bbox 181 475 1305 872">
     <span class='ocr_line' id='line_1_2' title="bbox 182 475 1303 566; baseline -0.002 -18"><span class='ocrx_word' id='word_1_2' title='bbox 182 475 269 548; x_wconf 76' lang='grc' dir='ltr'><strong>ἀλλὰ</strong></span> <span class='ocrx_word' id='word_1_3' title='bbox 297 487 505 566; x_wconf 82' lang='grc' dir='ltr'><strong><em>τιμωρεῖσθε,</em></strong></span> <span class='ocrx_word' id='word_1_4' title='bbox 542 500 677 564; x_wconf 90' lang='lat' dir='ltr'><strong>eumque</strong></span> <span class='ocrx_word' id='word_1_5' title='bbox 708 481 813 546; x_wconf 81' lang='lat' dir='ltr'><strong>hiatus</strong></span> <span class='ocrx_word' id='word_1_6' title='bbox 847 482 963 546; x_wconf 85' lang='lat' dir='ltr'><strong>multos</strong></span> <span class='ocrx_word' id='word_1_7' title='bbox 989 481 1128 546; x_wconf 64' lang='lat' dir='ltr'><strong>‘vitiosos</strong></span> <span class='ocrx_word' id='word_1_8' title='bbox 1165 481 1303 546; x_wconf 82' lang='lat' dir='ltr'>habeant</span> 
     </span>
     <span class='ocr_line' id='line_1_3' title="bbox 181 579 1305 669; baseline -0.002 -19"><span class='ocrx_word' id='word_1_9' title='bbox 181 592 274 651; x_wconf 85' lang='lat' dir='ltr'><strong>etex</strong></span> <span class='ocrx_word' id='word_1_10' title='bbox 297 585 410 667; x_wconf 80' lang='lat' dir='ltr'><strong>verbio,</strong></span> <span class='ocrx_word' id='word_1_11' title='bbox 440 603 524 667; x_wconf 84' lang='lat' dir='ltr'><strong>quae</strong></span> <span class='ocrx_word' id='word_1_12' title='bbox 553 591 626 647; x_wconf 88' lang='lat' dir='ltr'><strong>sunt</strong></span> <span class='ocrx_word' id='word_1_13' title='bbox 649 583 751 668; x_wconf 66' lang='lat' dir='ltr'><strong>(iniat</strong></span> <span class='ocrx_word' id='word_1_14' title='bbox 783 583 810 647; x_wconf 81' lang='grc' dir='ltr'><strong>εἰ</strong></span> <span class='ocrx_word' id='word_1_15' title='bbox 842 579 1040 669; x_wconf 76' lang='grc' dir='ltr'><strong><em>δεθήσονται</em></strong></span> <span class='ocrx_word' id='word_1_16' title='bbox 1082 581 1243 667; x_wconf 70' lang='grc' dir='ltr'><strong>ἔχοντες</strong></span> <span class='ocrx_word' id='word_1_17' title='bbox 1265 581 1305 648; x_wconf 85' lang='grc' dir='ltr'><strong>τὰ</strong></span> 
     </span>
     <span class='ocr_line' id='line_1_4' title="bbox 182 681 1305 773; baseline -0.001 -21"><span class='ocrx_word' id='word_1_18' title='bbox 182 681 331 773; x_wconf 77' lang='grc' dir='ltr'><strong><em>ὑμέτερα,</em></strong></span> <span class='ocrx_word' id='word_1_19' title='bbox 355 694 436 750; x_wconf 69' lang='grc' dir='ltr'><strong>κοῖα,</strong></span> <span class='ocrx_word' id='word_1_20' title='bbox 453 685 606 769; x_wconf 85' lang='lat' dir='ltr'><strong>pecunias</strong></span> <span class='ocrx_word' id='word_1_21' title='bbox 622 686 748 750; x_wconf 86' lang='lat' dir='ltr'><strong>aerario</strong></span> <span class='ocrx_word' id='word_1_22' title='bbox 764 684 889 749; x_wconf 87' lang='lat' dir='ltr'><strong>debitas</strong></span> <span class='ocrx_word' id='word_1_23' title='bbox 912 685 953 749; x_wconf 89' lang='lat' dir='ltr'><strong>ab</strong></span> <span class='ocrx_word' id='word_1_24' title='bbox 969 687 1165 752; x_wconf 86' lang='lat' dir='ltr'><strong>Androtione</strong></span> <span class='ocrx_word' id='word_1_25' title='bbox 1185 686 1305 752; x_wconf 87' lang='lat' dir='ltr'><strong>solutas</strong></span> 
     </span>
     <span class='ocr_line' id='line_1_5' title="bbox 182 786 730 872; baseline -0.002 -20"><span class='ocrx_word' id='word_1_26' title='bbox 182 789 303 872; x_wconf 89' lang='lat' dir='ltr'><strong>scripta</strong></span> <span class='ocrx_word' id='word_1_27' title='bbox 325 807 396 853; x_wconf 87' lang='lat' dir='ltr'><strong>esse</strong></span> <span class='ocrx_word' id='word_1_28' title='bbox 419 786 635 852; x_wconf 84' lang='lat' dir='ltr'><strong>existimanda</strong></span> <span class='ocrx_word' id='word_1_29' title='bbox 658 788 730 852; x_wconf 86' lang='lat' dir='ltr'><strong>sint.</strong></span> 
     </span>
    </p>

    <p class='ocr_par' dir='ltr' id='par_1_3' title="bbox 179 887 1379 1674">
     <span class='ocr_line' id='line_1_6' title="bbox 267 887 1305 974; baseline 0 -18"><span class='ocrx_word' id='word_1_30' title='bbox 267 892 643 972; x_wconf 75' lang='lat' dir='ltr'><strong>Iudea§139.usque</strong></span> <span class='ocrx_word' id='word_1_31' title='bbox 673 889 716 954; x_wconf 89' lang='lat' dir='ltr'><strong>ad</strong></span> <span class='ocrx_word' id='word_1_32' title='bbox 747 887 852 974; x_wconf 58' lang='lat' dir='ltr'><strong>§tid</strong></span> <span class='ocrx_word' id='word_1_33' title='bbox 875 896 991 973; x_wconf 87' lang='lat' dir='ltr'><strong>orator,</strong></span> <span class='ocrx_word' id='word_1_34' title='bbox 1022 892 1180 970; x_wconf 89' lang='lat' dir='ltr'><strong>quomodo</strong></span> <span class='ocrx_word' id='word_1_35' title='bbox 1214 893 1305 956; x_wconf 90' lang='lat' dir='ltr'><strong>Locri</strong></span> 
     </span>
     <span class='ocr_line' id='line_1_7' title="bbox 181 991 1305 1076; baseline -0.003 -17"><span class='ocrx_word' id='word_1_36' title='bbox 181 1014 285 1061; x_wconf 89' lang='lat' dir='ltr'><strong>novas</strong></span> <span class='ocrx_word' id='word_1_37' title='bbox 308 994 492 1076; x_wconf 81' lang='lat' dir='ltr'><strong>rogationes</strong></span> <span class='ocrx_word' id='word_1_38' title='bbox 524 992 679 1076; x_wconf 91' lang='lat' dir='ltr'><strong>impedire</strong></span> <span class='ocrx_word' id='word_1_39' title='bbox 702 992 861 1074; x_wconf 91' lang='lat' dir='ltr'><strong>studeant,</strong></span> <span class='ocrx_word' id='word_1_40' title='bbox 892 991 1037 1076; x_wconf 89' lang='lat' dir='ltr'><strong>pluribus</strong></span> <span class='ocrx_word' id='word_1_41' title='bbox 1060 993 1165 1058; x_wconf 89' lang='lat' dir='ltr'><strong>verbis</strong></span> <span class='ocrx_word' id='word_1_42' title='bbox 1188 1001 1305 1058; x_wconf 88' lang='lat' dir='ltr'><strong>narrat.</strong></span> 
     </span>
     <span class='ocr_line' id='line_1_8' title="bbox 182 1094 1307 1179; baseline -0.001 -17"><span class='ocrx_word' id='word_1_43' title='bbox 182 1098 230 1162; x_wconf 90' lang='lat' dir='ltr'><strong>De</strong></span> <span class='ocrx_word' id='word_1_44' title='bbox 259 1097 375 1179; x_wconf 86' lang='lat' dir='ltr'><strong>quibus</strong></span> <span class='ocrx_word' id='word_1_45' title='bbox 404 1096 511 1160; x_wconf 88' lang='lat' dir='ltr'><strong>verbis</strong></span> <span class='ocrx_word' id='word_1_46' title='bbox 541 1095 671 1160; x_wconf 78' lang='lat' dir='ltr'><strong>difficile</strong></span> <span class='ocrx_word' id='word_1_47' title='bbox 701 1101 749 1159; x_wconf 88' lang='lat' dir='ltr'><strong>est</strong></span> <span class='ocrx_word' id='word_1_48' title='bbox 771 1094 923 1177; x_wconf 89' lang='lat' dir='ltr'><strong>iudicare,</strong></span> <span class='ocrx_word' id='word_1_49' title='bbox 956 1115 1025 1158; x_wconf 89' lang='lat' dir='ltr'><strong>cunr</strong></span> <span class='ocrx_word' id='word_1_50' title='bbox 1050 1103 1179 1179; x_wconf 91' lang='lat' dir='ltr'><strong>propter</strong></span> <span class='ocrx_word' id='word_1_51' title='bbox 1202 1097 1307 1178; x_wconf 84' lang='lat' dir='ltr'><strong>negle-</strong></span> 
     </span>
     <span class='ocr_line' id='line_1_9' title="bbox 179 1197 1307 1283; baseline -0.002 -18"><span class='ocrx_word' id='word_1_52' title='bbox 179 1199 321 1283; x_wconf 82' lang='lat' dir='ltr'><strong>gentiam</strong></span> <span class='ocrx_word' id='word_1_53' title='bbox 358 1199 506 1263; x_wconf 91' lang='lat' dir='ltr'><strong>dictionis</strong></span> <span class='ocrx_word' id='word_1_54' title='bbox 545 1198 680 1261; x_wconf 89' lang='lat' dir='ltr'><strong>orationi</strong></span> <span class='ocrx_word' id='word_1_55' title='bbox 711 1197 878 1282; x_wconf 80' lang='lat' dir='ltr'>posteriori</span> <span class='ocrx_word' id='word_1_56' title='bbox 909 1197 1039 1262; x_wconf 85' lang='lat' dir='ltr'><strong>attribui</strong></span> <span class='ocrx_word' id='word_1_57' title='bbox 1069 1218 1131 1262; x_wconf 93' lang='lat' dir='ltr'><strong>non</strong></span> <span class='ocrx_word' id='word_1_58' title='bbox 1173 1200 1307 1282; x_wconf 84' lang='lat' dir='ltr'><strong>possint,</strong></span> 
     </span>
     <span class='ocr_line' id='line_1_10' title="bbox 185 1299 1379 1385; baseline 0 -19"><span class='ocrx_word' id='word_1_59' title='bbox 185 1322 304 1385; x_wconf 88' lang='lat' dir='ltr'><strong>neque,</strong></span> <span class='ocrx_word' id='word_1_60' title='bbox 345 1322 407 1384; x_wconf 88' lang='lat' dir='ltr'><strong>quo</strong></span> <span class='ocrx_word' id='word_1_61' title='bbox 442 1299 573 1365; x_wconf 87' lang='lat' dir='ltr'><strong>consilio</strong></span> <span class='ocrx_word' id='word_1_62' title='bbox 600 1307 775 1364; x_wconf 90' lang='lat' dir='ltr'><strong>commotus</strong></span> <span class='ocrx_word' id='word_1_63' title='bbox 806 1306 912 1364; x_wconf 87' lang='lat' dir='ltr'><strong>orator</strong></span> <span class='ocrx_word' id='word_1_64' title='bbox 943 1320 981 1364; x_wconf 87' lang='lat' dir='ltr'><strong>ea</strong></span> <span class='ocrx_word' id='word_1_65' title='bbox 1012 1301 1126 1366; x_wconf 87' lang='lat' dir='ltr'><strong>abesse</strong></span> <span class='ocrx_word' id='word_1_66' title='bbox 1161 1301 1202 1364; x_wconf 89' lang='lat' dir='ltr'><strong>ab</strong></span> <span class='ocrx_word' id='word_1_67' title='bbox 1237 1321 1307 1366; x_wconf 89' lang='lat' dir='ltr'><strong>ora-</strong></span> <span class='ocrx_word' id='word_1_68' title='bbox 1377 1361 1379 1366; x_wconf 90' lang='lat'><em>.</em></span> 
     </span>
     <span class='ocr_line' id='line_1_11' title="bbox 180 1401 1306 1488; baseline 0.001 -21"><span class='ocrx_word' id='word_1_69' title='bbox 180 1405 266 1470; x_wconf 91' lang='lat' dir='ltr'><strong>tione</strong></span> <span class='ocrx_word' id='word_1_70' title='bbox 296 1403 470 1488; x_wconf 89' lang='lat' dir='ltr'><strong>posteriore</strong></span> <span class='ocrx_word' id='word_1_71' title='bbox 503 1403 715 1485; x_wconf 83' lang='lat' dir='ltr'><strong>constituerit,</strong></span> <span class='ocrx_word' id='word_1_72' title='bbox 748 1401 840 1466; x_wconf 90' lang='lat' dir='ltr'><strong>nobis</strong></span> <span class='ocrx_word' id='word_1_73' title='bbox 870 1402 988 1485; x_wconf 86' lang='lat' dir='ltr'><strong>fingere</strong></span> <span class='ocrx_word' id='word_1_74' title='bbox 1019 1404 1191 1486; x_wconf 88' lang='lat' dir='ltr'><strong>possimus,</strong></span> <span class='ocrx_word' id='word_1_75' title='bbox 1228 1405 1306 1486; x_wconf 86' lang='lat' dir='ltr'><strong>quia</strong></span> 
     </span>
     <span class='ocr_line' id='line_1_12' title="bbox 181 1504 1306 1589; baseline 0 -18"><span class='ocrx_word' id='word_1_76' title='bbox 181 1507 301 1572; x_wconf 86' lang='lat' dir='ltr'><strong>nulium</strong></span> <span class='ocrx_word' id='word_1_77' title='bbox 325 1506 476 1571; x_wconf 90' lang='lat' dir='ltr'><strong>indicium</strong></span> <span class='ocrx_word' id='word_1_78' title='bbox 507 1505 646 1569; x_wconf 91' lang='lat' dir='ltr'><strong>nondum</strong></span> <span class='ocrx_word' id='word_1_79' title='bbox 672 1506 846 1569; x_wconf 82' lang='lat' dir='ltr'><strong>solutorum</strong></span> <span class='ocrx_word' id='word_1_80' title='bbox 875 1504 916 1568; x_wconf 89' lang='lat' dir='ltr'><strong>ab</strong></span> <span class='ocrx_word' id='word_1_81' title='bbox 939 1505 1134 1570; x_wconf 84' lang='lat' dir='ltr'><strong>Androtione</strong></span> <span class='ocrx_word' id='word_1_82' title='bbox 1157 1509 1306 1589; x_wconf 84' lang='lat' dir='ltr'><strong>pecunia-</strong></span> 
     </span>
     <span class='ocr_line' id='line_1_13' title="bbox 182 1610 446 1674; baseline 0.004 -2"><span class='ocrx_word' id='word_1_83' title='bbox 182 1630 251 1673; x_wconf 89' lang='lat' dir='ltr'><strong>rum</strong></span> <span class='ocrx_word' id='word_1_84' title='bbox 274 1610 446 1674; x_wconf 91' lang='lat' dir='ltr'><strong>continent.</strong></span> 
     </span>
    </p>

    <p class='ocr_par' dir='ltr' id='par_1_4' title="bbox 124 1708 1309 3843">
     <span class='ocr_line' id='line_1_14' title="bbox 265 1708 1305 1793; baseline 0.001 -17"><span class='ocrx_word' id='word_1_85' title='bbox 265 1711 328 1776; x_wconf 85' lang='lat' dir='ltr'><strong>Sed</strong></span> <span class='ocrx_word' id='word_1_86' title='bbox 358 1713 452 1793; x_wconf 84' lang='lat' dir='ltr'><strong>longe</strong></span> <span class='ocrx_word' id='word_1_87' title='bbox 483 1711 579 1774; x_wconf 88' lang='lat' dir='ltr'><strong>etiarn</strong></span> <span class='ocrx_word' id='word_1_88' title='bbox 611 1708 772 1773; x_wconf 83' lang='lat' dir='ltr'><strong>difficilius</strong></span> <span class='ocrx_word' id='word_1_89' title='bbox 802 1708 954 1772; x_wconf 90' lang='lat' dir='ltr'><strong>iudicium</strong></span> <span class='ocrx_word' id='word_1_90' title='bbox 985 1710 1025 1774; x_wconf 92' lang='lat' dir='ltr'><strong>de</strong></span> <span class='ocrx_word' id='word_1_91' title='bbox 1055 1709 1095 1774; x_wconf 91' lang='lat' dir='ltr'><strong>iis</strong></span> <span class='ocrx_word' id='word_1_92' title='bbox 1125 1718 1187 1793; x_wconf 91' lang='lat' dir='ltr'><strong>est,</strong></span> <span class='ocrx_word' id='word_1_93' title='bbox 1222 1731 1305 1793; x_wconf 89' lang='lat' dir='ltr'><strong>quae</strong></span> 
     </span>
     <span class='ocr_line' id='line_1_15' title="bbox 181 1812 1304 1898; baseline 0 -20"><span class='ocrx_word' id='word_1_94' title='bbox 181 1815 297 1880; x_wconf 89' lang='lat' dir='ltr'><strong>deinde</strong></span> <span class='ocrx_word' id='word_1_95' title='bbox 320 1813 353 1898; x_wconf 62' lang='grc' dir='ltr'><strong>(ξ</strong></span> <span class='ocrx_word' id='word_1_96' title='bbox 372 1812 570 1895; x_wconf 49' lang='grc' dir='ltr'><strong>Μία-154.)</strong></span> <span class='ocrx_word' id='word_1_97' title='bbox 593 1812 634 1877; x_wconf 88' lang='lat' dir='ltr'><strong>ad</strong></span> <span class='ocrx_word' id='word_1_98' title='bbox 657 1831 755 1895; x_wconf 82' lang='lat' dir='ltr'><strong>grave</strong></span> <span class='ocrx_word' id='word_1_99' title='bbox 776 1812 967 1876; x_wconf 89' lang='lat' dir='ltr'><strong>Tirnocratis</strong></span> <span class='ocrx_word' id='word_1_100' title='bbox 991 1820 1202 1878; x_wconf 88' lang='lat' dir='ltr'><strong>commentum</strong></span> <span class='ocrx_word' id='word_1_101' title='bbox 1227 1815 1304 1878; x_wconf 86' lang='lat' dir='ltr'><strong>diiu-</strong></span> 
     </span>
     <span class='ocr_line' id='line_1_16' title="bbox 181 1913 1302 2000; baseline 0 -19"><span class='ocrx_word' id='word_1_102' title='bbox 181 1917 296 1982; x_wconf 92' lang='lat' dir='ltr'><strong>endum</strong></span> <span class='ocrx_word' id='word_1_103' title='bbox 320 1917 531 2000; x_wconf 90' lang='lat' dir='ltr'><strong>proferuntur,</strong></span> <span class='ocrx_word' id='word_1_104' title='bbox 554 1915 644 1996; x_wconf 90' lang='lat' dir='ltr'><strong>adeo,</strong></span> <span class='ocrx_word' id='word_1_105' title='bbox 669 1921 702 1978; x_wconf 91' lang='lat' dir='ltr'><strong>ut</strong></span> <span class='ocrx_word' id='word_1_106' title='bbox 725 1913 799 1978; x_wconf 92' lang='lat' dir='ltr'><strong>inde</strong></span> <span class='ocrx_word' id='word_1_107' title='bbox 822 1914 982 1996; x_wconf 88' lang='lat' dir='ltr'><strong>profectus</strong></span> <span class='ocrx_word' id='word_1_108' title='bbox 997 1914 1189 1999; x_wconf 82' lang='lat' dir='ltr'><strong>Spengelius</strong></span> <span class='ocrx_word' id='word_1_109' title='bbox 1204 1921 1302 1981; x_wconf 90' lang='lat' dir='ltr'><strong>totam</strong></span> 
     </span>
     <span class='ocr_line' id='line_1_17' title="bbox 182 2017 1305 2101; baseline -0.002 -17"><span class='ocrx_word' id='word_1_110' title='bbox 182 2019 356 2084; x_wconf 87' lang='lat' dir='ltr'><strong>orationem</strong></span> <span class='ocrx_word' id='word_1_111' title='bbox 379 2019 625 2100; x_wconf 87' lang='lat' dir='ltr'><strong>Timocrateam,</strong></span> <span class='ocrx_word' id='word_1_112' title='bbox 654 2036 719 2098; x_wconf 87' lang='lat' dir='ltr'><strong>qua</strong></span> <span class='ocrx_word' id='word_1_113' title='bbox 748 2017 933 2082; x_wconf 90' lang='lat' dir='ltr'><strong>condicione</strong></span> <span class='ocrx_word' id='word_1_114' title='bbox 966 2018 1119 2081; x_wconf 85' lang='lat' dir='ltr'><strong>traditam</strong></span> <span class='ocrx_word' id='word_1_115' title='bbox 1144 2017 1305 2101; x_wconf 89' lang='lat' dir='ltr'><strong>habemns,</strong></span> 
     </span>
     <span class='ocr_line' id='line_1_18' title="bbox 124 2119 1303 2204; baseline -0.001 -17"><span class='ocrx_word' id='word_1_116' title='bbox 124 2175 130 2187; x_wconf 96' lang='lat'>.</span> <span class='ocrx_word' id='word_1_117' title='bbox 181 2143 278 2187; x_wconf 90' lang='lat' dir='ltr'><strong>unam</strong></span> <span class='ocrx_word' id='word_1_118' title='bbox 307 2141 377 2187; x_wconf 85' lang='lat' dir='ltr'><strong>esse</strong></span> <span class='ocrx_word' id='word_1_119' title='bbox 400 2127 433 2186; x_wconf 91' lang='lat' dir='ltr'><strong>et</strong></span> <span class='ocrx_word' id='word_1_120' title='bbox 464 2121 602 2204; x_wconf 87' lang='lat' dir='ltr'><strong>simplici</strong></span> <span class='ocrx_word' id='word_1_121' title='bbox 632 2119 815 2201; x_wconf 77' lang='lat' dir='ltr'><strong>eodemque·</strong></span> <span class='ocrx_word' id='word_1_122' title='bbox 838 2139 929 2184; x_wconf 90' lang='lat' dir='ltr'><strong>cursu</strong></span> <span class='ocrx_word' id='word_1_123' title='bbox 960 2119 1058 2185; x_wconf 89' lang='lat' dir='ltr'><strong>fluere</strong></span> <span class='ocrx_word' id='word_1_124' title='bbox 1086 2121 1303 2186; x_wconf 91' lang='lat' dir='ltr'><strong>demonstrare</strong></span> 
     </span>
     <span class='ocr_line' id='line_1_19' title="bbox 183 2222 1304 2307; baseline 0 -18"><span class='ocrx_word' id='word_1_125' title='bbox 183 2231 315 2289; x_wconf 83' lang='lat' dir='ltr'><strong>conatus</strong></span> <span class='ocrx_word' id='word_1_126' title='bbox 344 2225 394 2290; x_wconf 86' lang='lat' dir='ltr'><strong>sit.</strong></span> <span class='ocrx_word' id='word_1_127' title='bbox 439 2223 511 2305; x_wconf 84' lang='lat' dir='ltr'><strong>Sed,</strong></span> <span class='ocrx_word' id='word_1_128' title='bbox 541 2229 575 2306; x_wconf 87' lang='lat' dir='ltr'><strong>ut</strong></span> <span class='ocrx_word' id='word_1_129' title='bbox 598 2223 760 2287; x_wconf 88' lang='lat' dir='ltr'><strong>iudicandi</strong></span> <span class='ocrx_word' id='word_1_130' title='bbox 785 2222 869 2287; x_wconf 89' lang='lat' dir='ltr'><strong>viam</strong></span> <span class='ocrx_word' id='word_1_131' title='bbox 902 2222 993 2286; x_wconf 92' lang='lat' dir='ltr'><strong>nobis</strong></span> <span class='ocrx_word' id='word_1_132' title='bbox 1017 2223 1208 2307; x_wconf 87' lang='lat' dir='ltr'><strong>muniamus,</strong></span> <span class='ocrx_word' id='word_1_133' title='bbox 1239 2225 1304 2290; x_wconf 91' lang='lat' dir='ltr'><strong>bre-</strong></span> 
     </span>
     <span class='ocr_line' id='line_1_20' title="bbox 180 2324 1303 2410; baseline 0.001 -19"><span class='ocrx_word' id='word_1_134' title='bbox 180 2327 269 2410; x_wconf 90' lang='lat' dir='ltr'><strong>viter,</strong></span> <span class='ocrx_word' id='word_1_135' title='bbox 291 2345 374 2408; x_wconf 87' lang='lat' dir='ltr'><strong>quae</strong></span> <span class='ocrx_word' id='word_1_136' title='bbox 398 2325 462 2390; x_wconf 89' lang='lat' dir='ltr'><strong>iilis</strong></span> <span class='ocrx_word' id='word_1_137' title='bbox 479 2324 696 2409; x_wconf 84' lang='lat' dir='ltr'><strong>paragraphis</strong></span> <span class='ocrx_word' id='word_1_138' title='bbox 718 2330 826 2389; x_wconf 89' lang='lat' dir='ltr'><strong>orator</strong></span> <span class='ocrx_word' id='word_1_139' title='bbox 841 2325 987 2408; x_wconf 88' lang='lat' dir='ltr'><strong>pluribus</strong></span> <span class='ocrx_word' id='word_1_140' title='bbox 1009 2327 1201 2409; x_wconf 79' lang='lat' dir='ltr'><strong>exposuerit,</strong></span> <span class='ocrx_word' id='word_1_141' title='bbox 1224 2347 1303 2392; x_wconf 93' lang='lat' dir='ltr'><strong>com·</strong></span> 
     </span>
     <span class='ocr_line' id='line_1_21' title="bbox 181 2427 1303 2513; baseline -0.001 -19"><span class='ocrx_word' id='word_1_142' title='bbox 181 2431 304 2513; x_wconf 89' lang='lat' dir='ltr'><strong>plectar</strong></span> <span class='ocrx_word' id='word_1_143' title='bbox 327 2428 377 2493; x_wconf 88' lang='lat' dir='ltr'><strong>his</strong></span> <span class='ocrx_word' id='word_1_144' title='bbox 400 2428 520 2494; x_wconf 85' lang='lat' dir='ltr'><strong>verbis:</strong></span> <span class='ocrx_word' id='word_1_145' title='bbox 548 2432 590 2495; x_wconf 86' lang='lat' dir='ltr'><strong>At</strong></span> <span class='ocrx_word' id='word_1_146' title='bbox 612 2427 696 2492; x_wconf 91' lang='lat' dir='ltr'><strong>dicet</strong></span> <span class='ocrx_word' id='word_1_147' title='bbox 719 2427 926 2510; x_wconf 78' lang='lat' dir='ltr'><strong>Timocrates,</strong></span> <span class='ocrx_word' id='word_1_148' title='bbox 956 2427 1059 2509; x_wconf 91' lang='lat' dir='ltr'><strong>inquit</strong></span> <span class='ocrx_word' id='word_1_149' title='bbox 1082 2429 1145 2512; x_wconf 90' lang='lat' dir='ltr'><strong>ille,</strong></span> <span class='ocrx_word' id='word_1_150' title='bbox 1168 2449 1211 2513; x_wconf 87' lang='lat' dir='ltr'><strong>se,</strong></span> <span class='ocrx_word' id='word_1_151' title='bbox 1235 2451 1303 2495; x_wconf 92' lang='lat' dir='ltr'><strong>cum</strong></span> 
     </span>
     <span class='ocr_line' id='line_1_22' title="bbox 180 2529 1303 2615; baseline 0.001 -20"><span class='ocrx_word' id='word_1_152' title='bbox 180 2533 251 2614; x_wconf 84' lang='lat' dir='ltr'><strong>lege</strong></span> <span class='ocrx_word' id='word_1_153' title='bbox 274 2550 333 2595; x_wconf 87' lang='lat' dir='ltr'><strong>sua</strong></span> <span class='ocrx_word' id='word_1_154' title='bbox 356 2531 442 2596; x_wconf 90' lang='lat' dir='ltr'><strong>cives</strong></span> <span class='ocrx_word' id='word_1_155' title='bbox 465 2529 600 2593; x_wconf 87' lang='lat' dir='ltr'><strong>vinculis</strong></span> <span class='ocrx_word' id='word_1_156' title='bbox 632 2529 770 2595; x_wconf 86' lang='lat' dir='ltr'><strong>liberare</strong></span> <span class='ocrx_word' id='word_1_157' title='bbox 793 2530 938 2612; x_wconf 91' lang='lat' dir='ltr'><strong>voluerit,</strong></span> <span class='ocrx_word' id='word_1_158' title='bbox 968 2531 1048 2613; x_wconf 88' lang='lat' dir='ltr'><strong>legis</strong></span> <span class='ocrx_word' id='word_1_159' title='bbox 1071 2530 1162 2614; x_wconf 88' lang='lat' dir='ltr'><strong>alius,</strong></span> <span class='ocrx_word' id='word_1_160' title='bbox 1184 2531 1217 2596; x_wconf 91' lang='lat' dir='ltr'><strong>in</strong></span> <span class='ocrx_word' id='word_1_161' title='bbox 1241 2552 1303 2615; x_wconf 89' lang='lat' dir='ltr'><strong>qua</strong></span> 
     </span>
     <span class='ocr_line' id='line_1_23' title="bbox 178 2623 1302 2718; baseline 0.002 -21"><span class='ocrx_word' id='word_1_162' title='bbox 178 2633 275 2698; x_wconf 88' lang='lat' dir='ltr'><strong>insint</strong></span> <span class='ocrx_word' id='word_1_163' title='bbox 306 2634 404 2699; x_wconf 91' lang='lat' dir='ltr'><strong>verba</strong></span> <span class='ocrx_word' id='word_1_164' title='bbox 427 2633 525 2698; x_wconf 90' lang='lat' dir='ltr'><strong>haee:</strong></span> <span class='ocrx_word' id='word_1_165' title='bbox 549 2624 627 2696; x_wconf 74' lang='grc' dir='ltr'><strong>οὐδὲ</strong></span> <span class='ocrx_word' id='word_1_166' title='bbox 644 2628 733 2718; x_wconf 79' lang='grc' dir='ltr'><strong><em>δήσω</em></strong></span> <span class='ocrx_word' id='word_1_167' title='bbox 755 2623 939 2718; x_wconf 76' lang='grc' dir='ltr'><strong><em>Ἀθηναίων</em></strong></span> <span class='ocrx_word' id='word_1_168' title='bbox 964 2624 1098 2712; x_wconf 73' lang='grc' dir='ltr'><strong>οὐδένα,</strong></span> <span class='ocrx_word' id='word_1_169' title='bbox 1123 2636 1302 2718; x_wconf 86' lang='lat' dir='ltr'><strong>exemplum</strong></span> 
     </span>
     <span class='ocr_line' id='line_1_24' title="bbox 180 2735 1304 2818; baseline 0.001 -16"><span class='ocrx_word' id='word_1_170' title='bbox 180 2744 322 2803; x_wconf 89' lang='lat' dir='ltr'><strong>secutum</strong></span> <span class='ocrx_word' id='word_1_171' title='bbox 347 2756 426 2802; x_wconf 88' lang='lat' dir='ltr'><strong>esse.</strong></span> <span class='ocrx_word' id='word_1_172' title='bbox 470 2735 573 2814; x_wconf 78' lang='lat' dir='ltr'><strong>Quam</strong></span> <span class='ocrx_word' id='word_1_173' title='bbox 598 2735 838 2801; x_wconf 83' lang='lat' dir='ltr'><strong>excusationem</strong></span> <span class='ocrx_word' id='word_1_174' title='bbox 855 2735 1085 2800; x_wconf 87' lang='lat' dir='ltr'><strong>Demosthenes</strong></span> <span class='ocrx_word' id='word_1_175' title='bbox 1109 2737 1155 2800; x_wconf 92' lang='lat' dir='ltr'><strong>sic</strong></span> <span class='ocrx_word' id='word_1_176' title='bbox 1177 2738 1304 2818; x_wconf 87' lang='lat' dir='ltr'><strong>refutat,</strong></span> 
     </span>
     <span class='ocr_line' id='line_1_25' title="bbox 181 2838 1302 2922; baseline 0 -17"><span class='ocrx_word' id='word_1_177' title='bbox 181 2845 214 2905; x_wconf 91' lang='lat' dir='ltr'><strong>ut</strong></span> <span class='ocrx_word' id='word_1_178' title='bbox 237 2840 269 2903; x_wconf 94' lang='lat' dir='ltr'><strong>in</strong></span> <span class='ocrx_word' id='word_1_179' title='bbox 292 2845 484 2922; x_wconf 88' lang='lat' dir='ltr'><strong>senatorum,</strong></span> <span class='ocrx_word' id='word_1_180' title='bbox 507 2859 569 2902; x_wconf 95' lang='lat' dir='ltr'><strong>non</strong></span> <span class='ocrx_word' id='word_1_181' title='bbox 592 2838 625 2902; x_wconf 93' lang='lat' dir='ltr'><strong>in</strong></span> <span class='ocrx_word' id='word_1_182' title='bbox 640 2838 781 2903; x_wconf 89' lang='lat' dir='ltr'><strong>iudicum</strong></span> <span class='ocrx_word' id='word_1_183' title='bbox 805 2839 872 2903; x_wconf 90' lang='lat' dir='ltr'><strong>iure</strong></span> <span class='ocrx_word' id='word_1_184' title='bbox 895 2839 1029 2904; x_wconf 87' lang='lat' dir='ltr'><strong>iurando</strong></span> <span class='ocrx_word' id='word_1_185' title='bbox 1046 2858 1116 2904; x_wconf 87' lang='lat' dir='ltr'><strong>esse</strong></span> <span class='ocrx_word' id='word_1_186' title='bbox 1133 2839 1190 2904; x_wconf 89' lang='lat' dir='ltr'><strong>illa</strong></span> <span class='ocrx_word' id='word_1_187' title='bbox 1205 2842 1302 2906; x_wconf 88' lang='lat' dir='ltr'><strong>verba</strong></span> 
     </span>
     <span class='ocr_line' id='line_1_26' title="bbox 180 2940 1303 3026; baseline 0.001 -20"><span class='ocrx_word' id='word_1_188' title='bbox 180 2942 383 3026; x_wconf 87' lang='lat' dir='ltr'><strong>respondeat.</strong></span> <span class='ocrx_word' id='word_1_189' title='bbox 427 2943 498 3007; x_wconf 89' lang='lat' dir='ltr'><strong>Iam</strong></span> <span class='ocrx_word' id='word_1_190' title='bbox 521 2960 614 3005; x_wconf 88' lang='lat' dir='ltr'><strong>nemo</strong></span> <span class='ocrx_word' id='word_1_191' title='bbox 637 2947 686 3005; x_wconf 91' lang='lat' dir='ltr'><strong>est</strong></span> <span class='ocrx_word' id='word_1_192' title='bbox 708 2940 786 3022; x_wconf 90' lang='lat' dir='ltr'><strong>quin</strong></span> <span class='ocrx_word' id='word_1_193' title='bbox 809 2941 974 3024; x_wconf 85' lang='lat' dir='ltr'><strong>intellegat</strong></span> <span class='ocrx_word' id='word_1_194' title='bbox 1001 2941 1089 3005; x_wconf 89' lang='lat' dir='ltr'><strong>illam</strong></span> <span class='ocrx_word' id='word_1_195' title='bbox 1112 2942 1303 3008; x_wconf 88' lang='lat' dir='ltr'><strong>Timocratis</strong></span> 
     </span>
     <span class='ocr_line' id='line_1_27' title="bbox 180 3043 1303 3130; baseline 0.003 -22"><span class='ocrx_word' id='word_1_196' title='bbox 180 3045 336 3109; x_wconf 88' lang='lat' dir='ltr'><strong>rationem</strong></span> <span class='ocrx_word' id='word_1_197' title='bbox 352 3063 422 3109; x_wconf 89' lang='lat' dir='ltr'><strong>esse</strong></span> <span class='ocrx_word' id='word_1_198' title='bbox 445 3045 492 3106; x_wconf 84' lang='lat' dir='ltr'><strong>ita</strong></span> <span class='ocrx_word' id='word_1_199' title='bbox 511 3051 741 3126; x_wconf 77' lang='lat' dir='ltr'><strong>comparatam,</strong></span> <span class='ocrx_word' id='word_1_200' title='bbox 764 3049 797 3106; x_wconf 94' lang='lat' dir='ltr'><strong>ut</strong></span> <span class='ocrx_word' id='word_1_201' title='bbox 815 3043 1045 3108; x_wconf 87' lang='lat' dir='ltr'><strong>Demosthenes</strong></span> <span class='ocrx_word' id='word_1_202' title='bbox 1060 3063 1140 3126; x_wconf 86' lang='lat' dir='ltr'><strong>eam,</strong></span> <span class='ocrx_word' id='word_1_203' title='bbox 1164 3046 1191 3108; x_wconf 93' lang='lat' dir='ltr'><strong>si</strong></span> <span class='ocrx_word' id='word_1_204' title='bbox 1213 3065 1303 3130; x_wconf 85' lang='lat' dir='ltr'><strong>prae</strong></span> 
     </span>
     <span class='ocr_line' id='line_1_28' title="bbox 180 3144 1303 3231; baseline 0.002 -20"><span class='ocrx_word' id='word_1_205' title='bbox 180 3146 273 3211; x_wconf 88' lang='lat' dir='ltr'><strong>scivit</strong></span> <span class='ocrx_word' id='word_1_206' title='bbox 302 3147 352 3212; x_wconf 88' lang='lat' dir='ltr'><strong>vel</strong></span> <span class='ocrx_word' id='word_1_207' title='bbox 375 3146 525 3230; x_wconf 85' lang='lat' dir='ltr'><strong>providit,</strong></span> <span class='ocrx_word' id='word_1_208' title='bbox 555 3164 595 3210; x_wconf 91' lang='lat' dir='ltr'><strong>ne</strong></span> <span class='ocrx_word' id='word_1_209' title='bbox 618 3145 650 3209; x_wconf 92' lang='lat' dir='ltr'><strong>in</strong></span> <span class='ocrx_word' id='word_1_210' title='bbox 672 3147 850 3228; x_wconf 88' lang='lat' dir='ltr'><strong>posteriore</strong></span> <span class='ocrx_word' id='word_1_211' title='bbox 879 3144 1008 3226; x_wconf 90' lang='lat' dir='ltr'><strong>quidem</strong></span> <span class='ocrx_word' id='word_1_212' title='bbox 1032 3145 1176 3212; x_wconf 91' lang='lat' dir='ltr'><strong>oratione</strong></span> <span class='ocrx_word' id='word_1_213' title='bbox 1198 3148 1303 3231; x_wconf 83' lang='lat' dir='ltr'><strong>negle-</strong></span> 
     </span>
     <span class='ocr_line' id='line_1_29' title="bbox 181 3246 1303 3337; baseline 0.002 -23"><span class='ocrx_word' id='word_1_214' title='bbox 181 3268 256 3332; x_wconf 86' lang='lat' dir='ltr'><strong>gere</strong></span> <span class='ocrx_word' id='word_1_215' title='bbox 278 3248 435 3337; x_wconf 84' lang='lat' dir='ltr'><strong>debuerit.</strong></span> <span class='ocrx_word' id='word_1_216' title='bbox 478 3247 542 3313; x_wconf 87' lang='lat' dir='ltr'><strong>Sed</strong></span> <span class='ocrx_word' id='word_1_217' title='bbox 558 3267 598 3312; x_wconf 89' lang='lat' dir='ltr'><strong>ne</strong></span> <span class='ocrx_word' id='word_1_218' title='bbox 620 3247 653 3311; x_wconf 94' lang='lat' dir='ltr'><strong>id</strong></span> <span class='ocrx_word' id='word_1_219' title='bbox 670 3246 809 3329; x_wconf 91' lang='lat' dir='ltr'><strong>quidem,</strong></span> <span class='ocrx_word' id='word_1_220' title='bbox 832 3269 907 3312; x_wconf 90' lang='lat' dir='ltr'><strong>num</strong></span> <span class='ocrx_word' id='word_1_221' title='bbox 931 3247 1114 3332; x_wconf 90' lang='lat' dir='ltr'><strong>providerit,</strong></span> <span class='ocrx_word' id='word_1_222' title='bbox 1137 3270 1194 3333; x_wconf 93' lang='lat' dir='ltr'><strong>pro</strong></span> <span class='ocrx_word' id='word_1_223' title='bbox 1218 3257 1303 3316; x_wconf 92' lang='lat' dir='ltr'><strong>certo</strong></span> 
     </span>
     <span class='ocr_line' id='line_1_30' title="bbox 180 3349 1302 3432; baseline 0.002 -16"><span class='ocrx_word' id='word_1_224' title='bbox 180 3351 333 3418; x_wconf 82' lang='lat' dir='ltr'><strong>affirmari</strong></span> <span class='ocrx_word' id='word_1_225' title='bbox 366 3351 449 3418; x_wconf 90' lang='lat' dir='ltr'><strong>licet.</strong></span> <span class='ocrx_word' id='word_1_226' title='bbox 493 3351 605 3432; x_wconf 89' lang='lat' dir='ltr'><strong>Neque</strong></span> <span class='ocrx_word' id='word_1_227' title='bbox 633 3351 718 3415; x_wconf 93' lang='lat' dir='ltr'><strong>enim</strong></span> <span class='ocrx_word' id='word_1_228' title='bbox 749 3351 844 3417; x_wconf 84' lang='lat' dir='ltr'><strong>facile</strong></span> <span class='ocrx_word' id='word_1_229' title='bbox 867 3349 1075 3426; x_wconf 89' lang='lat' dir='ltr'><strong>Demostheni</strong></span> <span class='ocrx_word' id='word_1_230' title='bbox 1103 3353 1137 3416; x_wconf 93' lang='lat' dir='ltr'><strong>in</strong></span> <span class='ocrx_word' id='word_1_231' title='bbox 1168 3361 1302 3420; x_wconf 90' lang='lat' dir='ltr'><strong>mentem</strong></span> 
     </span>
     <span class='ocr_line' id='line_1_31' title="bbox 181 3452 1309 3538; baseline 0.001 -18"><span class='ocrx_word' id='word_1_232' title='bbox 181 3454 290 3520; x_wconf 85' lang='lat' dir='ltr'><strong>venire</strong></span> <span class='ocrx_word' id='word_1_233' title='bbox 313 3453 423 3538; x_wconf 90' lang='lat' dir='ltr'><strong>potuit,</strong></span> <span class='ocrx_word' id='word_1_234' title='bbox 446 3453 663 3518; x_wconf 77' lang='lat' dir='ltr'><strong>Timocratem</strong></span> <span class='ocrx_word' id='word_1_235' title='bbox 687 3453 751 3517; x_wconf 87' lang='lat' dir='ltr'><strong>tale</strong></span> <span class='ocrx_word' id='word_1_236' title='bbox 767 3452 845 3534; x_wconf 88' lang='lat' dir='ltr'><strong>quid</strong></span> <span class='ocrx_word' id='word_1_237' title='bbox 868 3455 1065 3536; x_wconf 89' lang='lat' dir='ltr'><strong>prolaturum</strong></span> <span class='ocrx_word' id='word_1_238' title='bbox 1088 3474 1168 3520; x_wconf 87' lang='lat' dir='ltr'><strong>esse.</strong></span> <span class='ocrx_word' id='word_1_239' title='bbox 1212 3455 1309 3532; x_wconf 72' lang='lat' dir='ltr'><strong>Quae</strong></span> 
     </span>
     <span class='ocr_line' id='line_1_32' title="bbox 180 3555 1303 3644; baseline 0.001 -22"><span class='ocrx_word' id='word_1_240' title='bbox 180 3577 251 3622; x_wconf 90' lang='lat' dir='ltr'><strong>oum</strong></span> <span class='ocrx_word' id='word_1_241' title='bbox 274 3557 320 3622; x_wconf 88' lang='lat' dir='ltr'><strong>ita</strong></span> <span class='ocrx_word' id='word_1_242' title='bbox 344 3556 417 3639; x_wconf 91' lang='lat' dir='ltr'><strong>sint,</strong></span> <span class='ocrx_word' id='word_1_243' title='bbox 439 3575 573 3638; x_wconf 88' lang='lat' dir='ltr'><strong>cumque</strong></span> <span class='ocrx_word' id='word_1_244' title='bbox 597 3575 636 3620; x_wconf 88' lang='lat' dir='ltr'><strong>ea</strong></span> <span class='ocrx_word' id='word_1_245' title='bbox 651 3555 749 3620; x_wconf 87' lang='lat' dir='ltr'><strong>verba</strong></span> <span class='ocrx_word' id='word_1_246' title='bbox 774 3556 972 3644; x_wconf 84' lang='lat' dir='ltr'><strong>neglegentis</strong></span> <span class='ocrx_word' id='word_1_247' title='bbox 994 3557 1142 3622; x_wconf 88' lang='lat' dir='ltr'><strong>dictionis</strong></span> <span class='ocrx_word' id='word_1_248' title='bbox 1165 3559 1303 3642; x_wconf 84' lang='lat' dir='ltr'><strong>vestigia</strong></span> 
     </span>
     <span class='ocr_line' id='line_1_33' title="bbox 179 3658 1302 3744; baseline 0.002 -19"><span class='ocrx_word' id='word_1_249' title='bbox 179 3679 259 3744; x_wconf 89' lang='lat' dir='ltr'><strong>prae</strong></span> <span class='ocrx_word' id='word_1_250' title='bbox 290 3659 463 3736; x_wconf 84' lang='lat' dir='ltr'><strong>scierant,</strong></span> <span class='ocrx_word' id='word_1_251' title='bbox 495 3665 566 3742; x_wconf 90' lang='lat' dir='ltr'><strong>post</strong></span> <span class='ocrx_word' id='word_1_252' title='bbox 589 3677 720 3722; x_wconf 88' lang='lat' dir='ltr'><strong>oausam</strong></span> <span class='ocrx_word' id='word_1_253' title='bbox 751 3665 915 3742; x_wconf 90' lang='lat' dir='ltr'><strong>peractam</strong></span> <span class='ocrx_word' id='word_1_254' title='bbox 948 3658 1015 3723; x_wconf 90' lang='lat' dir='ltr'><strong>eius</strong></span> <span class='ocrx_word' id='word_1_255' title='bbox 1043 3659 1209 3744; x_wconf 88' lang='lat' dir='ltr'><strong>orationis,</strong></span> <span class='ocrx_word' id='word_1_256' title='bbox 1239 3682 1302 3744; x_wconf 89' lang='lat' dir='ltr'><strong>qua</strong></span> 
     </span>
     <span class='ocr_line' id='line_1_34' title="bbox 180 3757 1301 3843; baseline -0.001 -16"><span class='ocrx_word' id='word_1_257' title='bbox 180 3761 380 3827; x_wconf 84' lang='lat' dir='ltr'><strong>Timocrates</strong></span> <span class='ocrx_word' id='word_1_258' title='bbox 410 3759 495 3843; x_wconf 89' lang='lat' dir='ltr'><strong>apud</strong></span> <span class='ocrx_word' id='word_1_259' title='bbox 527 3757 648 3823; x_wconf 90' lang='lat' dir='ltr'><strong>iudices</strong></span> <span class='ocrx_word' id='word_1_260' title='bbox 681 3778 715 3822; x_wconf 89' lang='lat' dir='ltr'><strong>se</strong></span> <span class='ocrx_word' id='word_1_261' title='bbox 747 3758 947 3841; x_wconf 86' lang='lat' dir='ltr'><strong>defenderet,</strong></span> <span class='ocrx_word' id='word_1_262' title='bbox 987 3761 1112 3825; x_wconf 90' lang='lat' dir='ltr'><strong>ratione</strong></span> <span class='ocrx_word' id='word_1_263' title='bbox 1143 3760 1252 3826; x_wconf 88' lang='lat' dir='ltr'><strong>habita</strong></span> <span class='ocrx_word' id='word_1_264' title='bbox 1281 3781 1301 3826; x_wconf 89' lang='lat' dir='ltr'><strong>a</strong></span> 
     </span>
    </p>
   </div>
   <div class='ocr_carea' id='block_1_3' title="bbox 177 3921 1301 4256">
    <p class='ocr_par' dir='ltr' id='par_1_5' title="bbox 177 3921 1301 4256">
     <span class='ocr_line' id='line_1_35' title="bbox 178 3921 1300 4000; baseline 0.001 -17"><span class='ocrx_word' id='word_1_265' title='bbox 178 3924 279 4000; x_wconf 81' lang='grc' dir='ltr'><em>πράως</em></span> <span class='ocrx_word' id='word_1_266' title='bbox 298 3921 374 3998; x_wconf 67' lang='grc' dir='ltr'><strong><em>ἔχειν</em></strong></span> <span class='ocrx_word' id='word_1_267' title='bbox 399 3935 458 3992; x_wconf 84' lang='grc' dir='ltr'><strong><em>τοῖς</em></strong></span> <span class='ocrx_word' id='word_1_268' title='bbox 476 3923 628 3992; x_wconf 80' lang='grc' dir='ltr'><strong><em>τοιούτοις,</em></strong></span> <span class='ocrx_word' id='word_1_269' title='bbox 658 3925 707 3981; x_wconf 86' lang='grc' dir='ltr'><strong>καὶ</strong></span> <span class='ocrx_word' id='word_1_270' title='bbox 725 3927 981 3998; x_wconf 79' lang='grc' dir='ltr'><strong><em>καταψηφίζεσθαι</em></strong></span> <span class='ocrx_word' id='word_1_271' title='bbox 1006 3923 1068 3995; x_wconf 79' lang='grc' dir='ltr'><strong><em>μέν,</em></strong></span> <span class='ocrx_word' id='word_1_272' title='bbox 1097 3922 1197 4000; x_wconf 77' lang='grc' dir='ltr'><strong><em>ὀλίγου</em></strong></span> <span class='ocrx_word' id='word_1_273' title='bbox 1217 3929 1246 3988; x_wconf 75' lang='grc' dir='ltr'><strong>δὲ</strong></span> <span class='ocrx_word' id='word_1_274' title='bbox 1265 3951 1300 3984; x_wconf 85' lang='grc' dir='ltr'><strong>τι-</strong></span> 
     </span>
     <span class='ocr_line' id='line_1_36' title="bbox 177 4006 1299 4085; baseline -0.001 -15"><span class='ocrx_word' id='word_1_275' title='bbox 177 4020 244 4084; x_wconf 83' lang='grc' dir='ltr'><strong><em>μᾶν,</em></strong></span> <span class='ocrx_word' id='word_1_276' title='bbox 264 4010 372 4082; x_wconf 78' lang='grc' dir='ltr'><strong><em>ἐθίζειν</em></strong></span> <span class='ocrx_word' id='word_1_277' title='bbox 396 4012 445 4069; x_wconf 74' lang='grc' dir='ltr'><strong>καὶ</strong></span> <span class='ocrx_word' id='word_1_278' title='bbox 464 4010 726 4085; x_wconf 80' lang='grc' dir='ltr'><strong>προδιδάσκειν</strong></span> <span class='ocrx_word' id='word_1_279' title='bbox 745 4007 804 4068; x_wconf 74' lang='grc' dir='ltr'><strong>ἔστ’</strong></span> <span class='ocrx_word' id='word_1_280' title='bbox 818 4007 960 4068; x_wconf 78' lang='grc' dir='ltr'><strong><em>ἀδικεῖν</em></strong></span> <span class='ocrx_word' id='word_1_281' title='bbox 985 4006 1058 4080; x_wconf 82' lang='grc' dir='ltr'><em>ὑμᾶς</em></span> <span class='ocrx_word' id='word_1_282' title='bbox 1081 4007 1120 4079; x_wconf 78' lang='grc' dir='ltr'><strong>ὡς</strong></span> <span class='ocrx_word' id='word_1_283' title='bbox 1142 4015 1299 4081; x_wconf 77' lang='grc' dir='ltr'><strong><em>πλείστους.</em></strong></span> 
     </span>
     <span class='ocr_line' id='line_1_37' title="bbox 179 4099 1301 4173; baseline 0.002 -16"><span class='ocrx_word' id='word_1_284' title='bbox 179 4103 264 4168; x_wconf 80' lang='lat' dir='ltr'><strong>Quam</strong></span> <span class='ocrx_word' id='word_1_285' title='bbox 284 4117 350 4156; x_wconf 84' lang='lat' dir='ltr'><strong>vero</strong></span> <span class='ocrx_word' id='word_1_286' title='bbox 374 4099 454 4155; x_wconf 86' lang='lat' dir='ltr'><strong>facito</strong></span> <span class='ocrx_word' id='word_1_287' title='bbox 479 4101 585 4156; x_wconf 88' lang='lat' dir='ltr'><strong>scribae</strong></span> <span class='ocrx_word' id='word_1_288' title='bbox 610 4100 682 4156; x_wconf 91' lang='lat' dir='ltr'><strong>oculi</strong></span> <span class='ocrx_word' id='word_1_289' title='bbox 705 4101 740 4156; x_wconf 88' lang='lat' dir='ltr'><strong>ab</strong></span> <span class='ocrx_word' id='word_1_290' title='bbox 760 4100 906 4156; x_wconf 78' lang='grc' dir='ltr'><em>ΑΔΙΚΕΝ</em></span> <span class='ocrx_word' id='word_1_291' title='bbox 923 4101 958 4155; x_wconf 88' lang='lat' dir='ltr'><strong>ad</strong></span> <span class='ocrx_word' id='word_1_292' title='bbox 976 4102 1082 4155; x_wconf 78' lang='grc' dir='ltr'><strong><em>ΑΛΛΑ</em></strong></span> <span class='ocrx_word' id='word_1_293' title='bbox 1110 4103 1236 4159; x_wconf 86' lang='lat' dir='ltr'><strong>aberrare</strong></span> <span class='ocrx_word' id='word_1_294' title='bbox 1254 4121 1301 4173; x_wconf 89' lang='lat' dir='ltr'><strong>po·</strong></span> 
     </span>
     <span class='ocr_line' id='line_1_38' title="bbox 178 4185 660 4256; baseline -0.008 -12"><span class='ocrx_word' id='word_1_295' title='bbox 178 4188 290 4256; x_wconf 88' lang='lat' dir='ltr'><strong>tuerint,</strong></span> <span class='ocrx_word' id='word_1_296' title='bbox 309 4201 389 4242; x_wconf 89' lang='lat' dir='ltr'><strong>nemo</strong></span> <span class='ocrx_word' id='word_1_297' title='bbox 410 4190 453 4240; x_wconf 90' lang='lat' dir='ltr'><strong>est</strong></span> <span class='ocrx_word' id='word_1_298' title='bbox 472 4186 540 4255; x_wconf 90' lang='lat' dir='ltr'><strong>quin</strong></span> <span class='ocrx_word' id='word_1_299' title='bbox 558 4185 660 4240; x_wconf 85' lang='lat' dir='ltr'><strong>videat.</strong></span> 
     </span>
    </p>
   </div>
   <div class='ocr_carea' id='block_1_4' title="bbox 0 0 1482 4821">
    <p class='ocr_par' dir='ltr' id='par_1_6' title="bbox 0 0 1482 4821">
     <span class='ocr_line' id='line_1_39' title="bbox 0 0 1482 4821; baseline 0 0"><span class='ocrx_word' id='word_1_300' title='bbox 0 0 1482 4821; x_wconf 95' lang='lat' dir='ltr'><strong> </strong></span> 
     </span>
    </p>
   </div>
  </div>
 </body>
</html>
