2954 4824
200 361 238 420 ib

195 530 337 593 maxime
360 530 520 594 nitebatur
542 530 760 613 adversarius,
791 552 830 595 ne
861 531 958 596 verbo
990 532 1118 612 quidem
1148 531 1314 614 tetigisset.

196 629 316 709 Quodsi
341 633 403 695 iam
428 633 467 696 de
491 651 530 696 ea
555 653 588 696 re
611 632 752 713 dixerat,
782 633 815 696 id
838 653 908 698 eum
938 635 982 697 ita
1005 633 1119 698 feoisse
1142 633 1315 698 verisimile

196 740 253 815 est,
282 744 316 796 ut
339 735 536 816 ostenderet,
566 738 708 818 potuisse
740 743 845 801 tamen
875 755 975 800 naves
1006 735 1087 818 fieri,
1119 755 1314 818 quamquam

197 837 314 900 aerarii
338 845 488 920 quaestor
510 857 580 901 oum
604 859 722 920 magna
738 840 875 921 pecunia
896 839 1081 921 aufugisset,
1105 846 1202 920 atque
1217 840 1315 902 etiam

196 947 263 1002 tum
286 942 366 1004 satis
394 941 549 1022 pecuniae
580 941 682 1005 fuisse
704 941 865 1018 relietum,
895 940 978 1022 quod
1001 949 1133 1005 senatus
1155 941 1253 1023 eulpa
1276 939 1316 1003 ad

195 1061 247 1104 res
275 1041 405 1106 inutiles
436 1043 638 1126 absumptum
666 1051 756 1107 esset.
814 1042 905 1119 Quod
940 1061 1036 1124 quam
1066 1041 1194 1106 disfioile
1213 1042 1317 1118 ¹¹fuerit

196 1145 391 1226 argumentis
414 1145 552 1226 probari,
574 1165 667 1208 nemo
691 1151 738 1208 est
755 1145 829 1224 quin
853 1145 976 1226 videat3
999 1152 1029 1208 et
1052 1151 1159 1208 tamen
1176 1144 1316 1207 maxime

196 1248 393 1310 aecusator-is
424 1249 576 1311 intererat
606 1267 679 1312 eam
714 1249 953 1312 exeusationem
986 1247 1073 1310 dilui.
1123 1245 1214 1323 Quae
1245 1267 1314 1311 ourn

194 1349 241 1410 ita
264 1349 340 1430 sint,
370 1350 516 1431 quamvis
539 1348 653 1413 aeriter
681 1351 767 1432 prior
790 1355 898 1412 orator
921 1349 999 1412 illud
1023 1355 1246 1431 argumentum
1271 1369 1315 1412 re-

195 1452 316 1515 sutasse
338 1453 443 1534 putari
465 1453 573 1536 possit,
603 1460 711 1515 tamen
735 1452 895 1515 Diodorus
926 1452 968 1514 ad
999 1453 1031 1515 id
1062 1451 1167 1516 redire
1199 1451 1316 1531 debuit,

195 1559 229 1616 ut
252 1554 349 1617 etiam
377 1553 577 1636 gravioribus
607 1555 803 1635 argumentis
827 1554 877 1618 vel
901 1553 1042 1617 artidoiis
1065 1554 1214 1617 diationis
1237 1554 1315 1617 illud

195 1655 368 1737 infringere
390 1657 566 1721 eonaretur.
610 1657 651 1719 Et
672 1676 786 1721 revera
806 1661 825 1737 ξ
844 1661 890 1722 17.
914 1657 972 1720 boe
994 1677 1029 1721 se
1046 1657 1203 1720 fauturum
1227 1656 1318 1740 polli-

195 1765 281 1822 cetur
312 1759 362 1822 bis
389 1759 506 1823 verbis:
538 1750 654 1824 ἀκούω
685 1750 713 1824 d'
734 1750 838 1823 αὐτὸν
867 1762 1029 1823 τοιοῦτον
1057 1757 1144 1842 ἐρεῖν
1175 1755 1250 1822 τινὰ
1281 1758 1317 1823 ἐν

195 1854 272 1943 ὑμῖν
290 1857 403 1944 λόγον,
427 1855 473 1936 ὡς
489 1851 550 1944 οἰχ
565 1854 692 1946 ἠβουλὴ
707 1862 846 1945 γέγονεν
863 1859 951 1925 αἰτία
967 1865 1030 1926 τοῦ
1046 1857 1089 1944 μὴ
1106 1862 1315 1944 πεποιῆσθαι

195 1960 254 2040 τὰς
276 1967 369 2042 ναις,
401 1956 474 2028 dtt'
496 1958 514 2028 ὁ
538 1968 767 2050 τριηροποιών
789 1964 908 2046 ταμίας
931 1955 1079 2046 ἀποδρὰς
1101 1957 1207 2046 ᾤ’χετο
1232 1961 1317 2045 ’έχων

196 2057 299 2130 πενθ’
314 2060 530 2152 ἡμιτάλαντα,
554 2064 664 2131 καὶτὸ
688 2071 822 2150 πρᾶγμα
840 2057 988 2152 ἀτύχημα
1012 2067 1229 2150 συμβέβηκεν.
1254 2063 1318 2150 ἐγοὸ

200 2169 235 2234 δὲ
259 2173 398 2253 πρῶτον
425 2171 486 2252 μὲν
509 2191 595 2252 seqq.
640 2171 680 2234 Et
703 2178 870 2252 postquam
895 2169 973 2233 illud
998 2160 1160 2254 ἀτύχημα,
1189 2189 1251 2250 quo
1274 2168 1319 2232 fa-

194 2281 278 2335 etum
302 2280 357 2348 est,
382 2280 414 2335 ut
430 2275 567 2355 peennia
590 2273 647 2336 illa
670 2273 879 2354 abriperetur,
908 2273 949 2335 ad
973 2291 1037 2335 rem
1063 2290 1146 2352 quae
1170 2279 1319 2352 ageretur

97 2399 100 2404 ·
194 2374 275 2438 nibil
292 2375 398 2438 faeere
414 2375 569 2456 exposuit,
585 2375 630 2438 sio
646 2375 750 2458 pergit
766 2373 800 2459 (ξ
817 2375 893 2457 20.):
918 2367 971 2438 ὅτι
987 2375 1105 2438 τοίνυν
1121 2364 1194 2437 οὐδ’
1211 2372 1319 2456 αίτιος

196 2468 299 2552 ἄλλος
321 2468 431 2551 οὐδεὶς
456 2467 650 2560 ἀνθρώπων
674 2475 742 2541 ἐστὶ
766 2479 829 2540 τοῦ
851 2468 894 2560 μὴ
919 2479 1128 2560 πεποιῆσθαι
1144 2472 1202 2550 τὰς
1225 2478 1318 2553 ναῦς,

194 2581 299 2644 τοῦτο
323 2583 438 2660 σαφῶς
460 2574 538 2663 ὑμῖν
552 2579 717 2660 ἐπιδείξω,
741 2580 857 2660 quibus
881 2579 985 2642 verbis
1006 2578 1086 2642 nihil
1110 2578 1198 2641 aliud
1222 2578 1320 2660 signi-

194 2681 268 2746 fieat
284 2682 345 2745 nisi
363 2682 433 2746 boo:
457 2683 633 2765 perspicuis
654 2691 686 2745 et
700 2681 854 2763 gravibus
870 2682 1067 2762 argumentis
1084 2679 1321 2760 demonstrabo,

194 2786 336 2869 potuisse
360 2805 461 2848 naves
484 2783 657 2863 aedificari,
680 2784 806 2847 etiamsi
830 2783 886 2846 illa
909 2783 1047 2867 pecunia
1069 2782 1202 2864 abrepta
1224 2789 1282 2848 est.

280 2889 393 2969 Neque
417 2895 525 2951 tamen
557 2887 731 2969 quidquam
764 2887 852 2949 alind
882 2887 1026 2968 sequitur
1053 2887 1113 2948 nisi
1138 2884 1208 2948 boo:
1242 2877 1317 2950 ἆνε-

196 2992 303 3054 toton
325 2983 423 3074 γὰρὴ
446 2981 552 3074 βουλὴ
576 2986 638 3053 τὸν
654 2985 760 3071 νόμον
775 2991 902 3052 τοῦτον
924 2983 1172 3072 ἐχειροτόνησεν
1194 2977 1319 3072 ababa)

282 3161 307 3227 1)
326 3158 371 3212 Sic
398 3160 469 3212 enim
495 3158 671 3212 scribendum
696 3173 810 3222 censeo,
841 3173 1007 3226 quamquam
1038 3157 1126 3210 oodex
1151 3158 1179 3208 Σ
1200 3156 1319 3224 praebet

194 3238 319 3314 ,αὐτὴνζ
347 3261 428 3312 quam
458 3245 602 3297 lectionem
629 3244 696 3296 satis
722 3243 855 3310 explicari
880 3259 934 3295 non
959 3257 1042 3310 posse
1068 3241 1200 3311 probabo.
1242 3243 1318 3306 Quae

194 3332 331 3398 quaestio,
350 3337 381 3382 ut
400 3329 507 3382 ratione
527 3335 555 3382 et
573 3330 618 3381 via
636 3329 809 3384 instituatur.
829 3327 894 3380 inde
919 3325 1121 3394 proficiscatur,
1145 3333 1176 3378 ut
1194 3325 1318 3394 inquira-

196 3432 264 3479 nrus,
285 3430 339 3482 quo
358 3414 523 3468 vocabulum
550 3413 625 3482 quod
650 3419 693 3466 est
721 3416 824 3465 τοῦτον
848 3410 1023 3464 referendum
1043 3412 1091 3478 sit,
1118 3418 1209 3464 utrum
1228 3413 1318 3465 artius

193 3516 255 3552 oum
270 3500 388 3553 vocibus
408 3493 472 3565 ,τὸν
492 3493 595 3564 νόμονι
615 3497 837 3564 coniungendam
857 3497 905 3561 sit,
924 3511 959 3548 an
978 3496 1083 3550 adeam
1102 3511 1173 3563 quae
1191 3497 1320 3563 sequitur

195 3580 444 3654 ,ἐχειροτονηοεν
471 3587 587 3651 spectet.
624 3584 682 3637 Neo
702 3581 824 3635 difficilis
843 3588 886 3634 est
904 3581 970 3635 baec
988 3596 1033 3634 res
1052 3581 1086 3634 ad
1100 3579 1318 3650 diiudicandum,

195 3685 361 3737 quamquam
387 3669 442 3721 viri
461 3669 536 3720 docti
561 3683 617 3720 nun
635 3667 824 3720 consentiunt.
861 3667 981 3730 Quorum
1007 3681 1071 3734 pars
1095 3666 1179 3718 maior
1197 3665 1319 3734 (Harpo-

195 3755 352 3820 crationem,
377 3755 423 3822 qui
449 3754 522 3807 hune
541 3754 630 3806 looum
650 3753 760 3819 laudat,
786 3753 888 3816 secuti)
907 3752 994 3805 veluti
1015 3750 1195 3818 Sebaeferus,
1220 3751 1318 3804 Prink-

195 3839 347 3906 haenelius,
366 3839 520 3906 Mobrius')
538 3853 634 3892 vooem
648 3853 719 3905 quae
737 3844 780 3890 est
798 3841 902 3890 τοῦτον
915 3837 950 3890 ad
969 3833 1033 3903 ,τὸν
1052 3833 1156 3903 νόμονι
1176 3845 1319 3892 revocant.

194 3928 230 3980 Et
248 3921 338 3979 tamen
359 3939 596 3992 supervacaneum
610 3927 654 3976 est
673 3917 738 3986 ,τὸν
756 3918 859 3988 νόμον*
879 3923 933 3975 dioi
953 3927 1090 3989 ,ruerent
1109 3923 1199 3988 immo,
1217 3922 1319 3978 inutile

191 4017 247 4076 est,
267 4014 403 4078 ,τοῦτον“,
429 4010 494 4078 quia
519 4008 637 4062 vocibus
661 4003 726 4071 ,τὸν
744 4001 848 4073 νόμον(
874 4008 952 4060 nulla
975 4007 1027 4060 alia
1051 4008 1096 4060 lex
1116 4005 1237 4060 ,indicari
1262 4006 1320 4062 boo

194 4098 257 4150 loeo
276 4103 378 4164 potest,
408 4095 462 4149 nisi
482 4111 522 4161 ea,
549 4094 583 4146 de
603 4109 657 4160 qua
676 4097 769 4145 oratur
787 4093 869 4144 modo
888 4092 1023 4160 loquitur,
1049 4107 1139 4160 neque
1163 4092 1220 4144 ullo
1245 4093 1320 4161 loeo,

195 4199 250 4253 quo
270 4183 304 4236 de
324 4182 373 4236 bae
386 4181 449 4250 lege
468 4181 569 4248 agitur,
588 4179 666 4233 addit
678 4177 803 4233 voculam
821 4182 938 4241 ,τοῦτον
947 4183 961 4230 ‘.
998 4178 1077 4245 Quod
1090 4180 1204 4230 maxime
1223 4177 1321 4234 elucet

195 4291 397 4304 *-

278 4339 306 4408 *J
323 4339 418 4407 Progr.
439 4330 654 4389 Muenstereifet.
675 4337 748 4388 1844.
