2954 4824
1232 359 1270 422 31

175 528 246 594 Sunt
270 531 367 592 autern
399 524 499 591 verba
530 522 623 590 haee:
657 527 797 606 πρῶτον
826 525 888 609 μὲν
918 518 992 604 οὗν,
1024 516 1108 610 ὅπερ
1139 516 1274 612 ἠδίκησε

177 633 306 715 πρῶτον,
335 618 428 692 τοῦτ’
443 625 520 712 ἐρῶ,
553 620 597 703 ὡς
620 619 712 711 παρὰ
732 622 864 703 πάντας
892 621 975 704 τούς
1004 619 1131 712 νόμους
1159 627 1275 714 ἐνομο-

178 733 268 810 θέτει,
294 726 362 796 εἶτα
391 733 464 796 τῶν
493 722 607 795 ἄλλων
639 725 729 814 ἑξῆς,
763 722 783 795 ὅ
812 753 845 794 τι
875 721 917 795 dv
946 732 1165 816 βουλομένοις
1194 726 1274 816 ὑμῖν
1360 804 1366 816 ,

179 825 291 899 άιιοάειν
311 819 339 916 ᾗ.
391 834 506 916 Neque
534 839 643 898 tamen
675 832 754 898 liaeo
782 832 883 898 verba
912 842 1090 915 congruunt
1119 853 1189 900 oum
1217 837 1276 900 illa

172 937 442 1021 argumentationis
456 937 554 1000 totius
570 933 756 1019 partitione,
778 955 864 1014 nam,
887 955 958 1001 oum
977 937 1023 1002 ibi
1038 936 1123 1003 duae
1138 943 1276 1004 tantum·

169 1039 251 1104 modo
271 1044 499 1124 proponantur,
521 1036 571 1103 his
592 1037 707 1121 verbis,
729 1056 813 1121 quae
836 1038 930 1104 modo
953 1039 1056 1120 attuli,
1083 1041 1155 1124 plus
1177 1061 1274 1124 quam
1368 1107 1371 1113 ,

166 1141 239 1206 duae
259 1148 367 1225 partes
388 1139 624 1223 intellegendae
644 1146 728 1221 sunt,
749 1139 834 1221 quod
858 1159 898 1206 ex
920 1140 1026 1206 vertis
1049 1144 1136 1221 ,τῶν
1159 1135 1276 1208 ἄλλων

168 1239 243 1328 ἑξῆς(
263 1243 375 1309 elueet.
418 1243 459 1308 Et
480 1242 632 1328 proleoto,
653 1248 725 1306 tota
746 1241 841 1306 huius
864 1243 1019 1308 orationis
1040 1248 1275 1328 argumentatio

165 1366 218 1410 non
246 1345 397 1430 bipertita
428 1345 486 1410 sed
515 1344 673 1429 tripertita
701 1349 765 1428 est,
801 1343 834 1408 id
864 1344 951 1427 quod
982 1365 1057 1411 mox
1086 1346 1275 1416 videbimus.

164 1446 243 1525 Quae
264 1447 448 1531 diffioultas,
470 1446 630 1530 quomodo
653 1445 808 1512 solvenda
830 1447 879 1531 sit,
901 1453 936 1510 ut
957 1447 1042 1512 inira
1065 1449 1188 1516 maiore
1204 1470 1275 1516 eum

161 1551 293 1633 pondere
316 1550 484 1632 fructuque
507 1548 734 1629 demonstrem,
763 1549 830 1612 iam
853 1569 951 1631 nuno,
981 1550 1058 1632 quid
1088 1552 1276 1634 quaestione

160 1672 225 1717 mea
254 1653 402 1718 effoetum
430 1651 587 1735 videatur,
616 1650 759 1716 indidere
787 1649 865 1715 mihi
895 1651 997 1716 lineat
1042 1652 1276 1720 Demosthenes

159 1755 248 1839 enim,
276 1759 493 1840 posteaquam
529 1752 628 1819 verba
658 1744 839 1836 ,βούλομαι
860 1789 903 1800 -
926 1750 1121 1839 διελόμενον
1151 1759 1276 1841 λέγειν(

157 1857 355 1941 oonsoripsit,
382 1877 454 1922 oum
477 1875 512 1921 se
535 1855 575 1922 de
597 1855 690 1921 tertio
718 1856 788 1921 looo
810 1855 881 1941 (ἐπὶ
903 1859 985 1922 πᾶσι
1007 1849 1070 1924 τὸν
1092 1853 1200 1924 αὐτὸν
1220 1857 1275 1926 νό-

157 1983 216 2044 μον
238 1959 374 2026 τιθέναι
397 1953 539 2042 κελεύει)
569 1957 697 2041 melius,
724 1958 778 2023 ubi
808 1957 890 2042 legis
920 1952 1143 2029 Timoorateae
1172 1964 1275 2048 ipsius

157 2063 248 2129 rerba
263 2062 484 2147 explioalurus
500 2068 594 2145 esset,
614 2059 862 2146 disputaturum,
883 2060 988 2145 deque
1007 2065 1111 2148 primo
1127 2067 1275 2132 etaltera

156 2165 227 2249 loeo,
249 2167 269 2232 i.
285 2186 314 2232 a
336 2165 376 2230 de
398 2171 540 2248 tempore
563 2162 778 2246 legislationis
801 2169 833 2230 et
854 2165 894 2231 de
914 2166 1170 2250 promulgatione
1184 2171 1275 2253 legis,

146 2270 296 2334 ¹seorsum
327 2267 455 2350 quidem
488 2267 618 2332 omnino
650 2287 713 2332 non
742 2286 837 2351 posse
866 2267 972 2334 dicere
1003 2289 1078 2336 mox
1108 2271 1275 2357 inveniret,

156 2379 298 2438 mutasse
321 2370 489 2437 eonsilium
513 2368 647 2449 videtur,
670 2375 704 2433 ut
726 2369 834 2454 verba,
856 2390 939 2453 quae
962 2391 983 2436 a
1005 2368 1203 2458 ,dodiopor‘
1225 2396 1274 2442 us-

154 2494 211 2558 que
226 2474 273 2540 ad
289 2469 498 2558 ,διελόμενον
513 2472 635 2557 λέγεινί
650 2473 819 2557 pertinent,
841 2473 1018 2541 omittenda
1037 2495 1108 2543 esse
1122 2487 1275 2546 censeret.

153 2577 267 2660 Itaque
290 2575 370 2642 haee
392 2575 522 2658 quidem
545 2574 644 2641 verba
666 2594 769 2658 neque
789 2575 888 2660 priori
902 2595 1007 2659 neque
1021 2579 1188 2662 posteriori
1204 2601 1274 2647 ora-

152 2678 228 2744 tioni
253 2678 416 2743 destinata
438 2696 509 2744 osse
531 2677 688 2762 videntur,
717 2677 787 2762 sed,
817 2698 888 2744 oum
914 2679 947 2744 in
970 2683 1205 2748 commentariis
1227 2705 1274 2751 re

152 2780 227 2845 liota
252 2785 368 2863 essent,
389 2779 431 2845 ab
452 2779 575 2845 editore
596 2780 751 2848 orationis
772 2779 865 2846 nobis
887 2781 1008 2847 tradita
1031 2789 1112 2849 suut

235 2884 322 2964 §lit
345 2887 460 2962 orator,
490 2888 524 2947 ut
550 2875 610 2961 ,ὡς
638 2874 731 2968 παρὰ
759 2878 889 2960 πάντας
909 2880 990 2962 τούς
1011 2881 1136 2971 νόμους
1158 2885 1275 2974 ἐνομο-

151 2986 266 3052 θέταιί
287 2984 415 3071 probet,
444 2985 572 3052 reoitari
598 2986 685 3068 leges
707 2985 808 3069 iubet,
837 2986 1038 3071 primumque
1061 2990 1101 3058 de
1123 2998 1275 3076 tompore,

151 3109 214 3171 quo
238 3089 328 3172 leges
350 3106 454 3153 novae
476 3085 629 3154 serendae
651 3086 723 3171 siut,
745 3088 891 3172 pluribus
913 3089 1050 3175 disserit,
1073 3111 1158 3174 quae
1178 3095 1275 3179 parti-

151 3193 223 3257 oula
253 3209 355 3274 usque
385 3190 427 3254 ad
450 3191 536 3272 §Sl
557 3188 704 3275 pertinet.
756 3192 840 3256 Tum
863 3191 983 3276 verbis,
1006 3203 1197 3277 quaesunt:
1220 3187 1274 3261 ὅτι

152 3287 180 3360 d’
192 3287 236 3361 ου’
258 3289 367 3380 μόνον
388 3285 477 3359 κατὰ
497 3291 588 3359 τοῦτ’
615 3284 723 3359 άάινιεῑ
743 3314 839 3379 seqq,
861 3297 977 3362 transit
1000 3299 1043 3363 ad
1065 3319 1138 3366 eam
1160 3300 1274 3386 legem,

151 3415 192 3464 ex
214 3417 280 3481 qua
301 3417 407 3469 novae
429 3397 504 3481 legi,
527 3397 617 3481 prius
638 3418 734 3481 quam
765 3405 839 3464 rata
860 3399 960 3480 fieret,
985 3404 1165 3470 eontrariae
1187 3406 1274 3488 leges

151 3502 218 3566 tolli
241 3501 417 3586 debebant,
447 3519 532 3598 quae
554 3500 729 3586 disputatio
752 3521 853 3585 usque
876 3503 917 3569 ad
940 3497 1028 3585 §³9ss
1049 3507 1160 3592 verba,
1189 3528 1273 3591 quae

152 3610 237 3668 aunt:
268 3596 314 3680 ὡς
341 3603 404 3687 μὲν
433 3599 496 3667 οὐν
527 3597 642 3687 ἔνοχος
671 3605 712 3686 τῇ·
741 3606 851 3688 γραφῇ
879 3605 1088 3694 καθέστηκεν
1118 3607 1275 3676 ἐναντίον

150 3701 366 3793 εἰςενηνοχώς
387 3717 458 3783 τοις
480 3697 555 3770 οὖσι
577 3701 702 3790 νόμοις,
721 3701 813 3792 οἶμαι
834 3704 965 3787 πάντας
985 3699 1072 3795 ὑμᾶς
1093 3702 1274 3798 ᾐσθῆσθαι,

151 3809 298 3892 pertinet

235 3914 410 3994 Postquam
433 3916 555 3995 autem,
586 3915 697 3976 eontra
727 3930 808 3993 quas
830 3914 919 3996 leges
940 3913 1139 3982 Timoorates
1160 3937 1273 4002 peooa·

154 4014 246 4097 verit,
263 4005 466 4098 'explieatum
490 4020 552 4097 est,
582 4018 689 4079 orator
710 4014 822 4080 statim
844 4016 887 4081 ad
909 4015 1046 4082 alteram
1070 4027 1273 4102 argumenta·

154 4113 283 4180 tationis
304 4119 428 4198 partem
450 4113 566 4178 mansit
588 4112 639 4178 hia
660 4114 782 4180 verbis:
810 4114 865 4180 ἵνα
887 4116 924 4183 di
946 4116 1056 4203 εἰδῆτε
1078 4114 1158 4207 παρ’
1180 4119 1273 4201 οἵους

155 4212 277 4301 νόμους
307 4210 383 4281 οἷον
412 4203 513 4292 οὗτος
536 4207 731 4301 εἰςιζνεγκεν,
754 4207 983 4303 ἀναγνώσεται
1006 4240 1095 4304 seqq.
1125 4230 1171 4306 ut,
1201 4245 1271 4289 oum
