2998 4826
756 188 773 244 7

264 372 293 450 3)
318 374 356 432 16
379 377 395 446 5
420 374 467 432 18.
509 372 724 432 Demosthenes
746 370 823 430 dixit
842 367 1074 449 praetermittere
1096 389 1127 429 se
1148 367 1239 441 velle,
1273 366 1344 446 quid

181 471 415 534 Atheniensibus
430 472 565 532 futurum
587 482 670 547 esset,
693 473 718 533 si
739 471 990 533 Lacedaemonios
1012 479 1186 551 paterentur
1200 470 1345 550 Pelopon·

181 574 244 635 nesi
264 574 465 654 principatum
486 596 659 656 recuperare
675 577 705 653 ¹).
749 576 893 635 Attamen
915 573 958 646 id,
990 573 1070 652 quod
1092 582 1156 634 erat
1176 571 1344 638 dicendum,

179 676 431 738 Lacedaemonios
452 678 772 758 Peloponnesiaoarum
793 676 949 739 civitatum
974 675 1092 756 opibus,
1123 675 1148 734 si
1169 675 1345 755 potirentur,

179 799 284 839 usuros
305 799 369 840 esse
390 781 429 840 ad
450 768 680 842 Atheniensium
703 802 773 860 opes
795 778 1000 857 infringendas
1022 786 1052 838 et
1073 777 1112 838 ob
1134 797 1200 837 eam
1222 763 1345 838 causam

180 881 316 941 futurum
340 901 410 955 esse,
433 891 468 943 ut
488 882 687 944 Athenienses
714 904 782 944 cum
805 880 956 942 Thebanis
978 879 1128 941 coniuncti
1150 900 1234 941 arma
1259 901 1344 960 cape·

179 993 252 1058 rent,
276 984 348 1044 satis
369 983 499 1046 dilucide
521 985 652 1064 satisque
673 984 776 1045 multis
792 983 890 1046 verbis
906 983 1122 1044 Demosthenes
1137 982 1206 1043 inde
1229 1002 1247 1043 a
1270 985 1343 1059 520

179 1087 309 1167 exponit,
330 1085 377 1146 his
399 1087 529 1148 maxime
551 1087 663 1148 verbis:
687 1093 702 1162 5
725 1089 764 1147 20
789 1073 868 1170 φήμ’
892 1074 979 1170 ἡμᾶς
1000 1078 1137 1148 ἔσεσθαι
1160 1077 1345 1166 συμμάχους

183 1182 343 1274 Θηβαίων.
389 1194 404 1263 5
429 1191 466 1249 21
491 1181 525 1250 ἐν
545 1182 636 1272 φόβῳ
658 1178 860 1251 καθεστάναι
888 1183 965 1271 περὶ
986 1178 1078 1273 ἡμῶν
1099 1178 1214 1250 αὐτῶν.
1260 1193 1276 1264 5
1301 1189 1341 1248 22

179 1282 261 1374 ὑπὲρ
283 1291 341 1353 τοῦ
363 1282 566 1368 κομίσασθαι
587 1284 645 1374 τὴν
674 1282 830 1373 πρότερον
860 1277 958 1351 οὖσαν
986 1280 1096 1364 αὑτοῖς
1127 1279 1278 1368 δύναμιν·
1302 1272 1345 1350 ὧν

181 1385 222 1471 d’,
245 1382 291 1456 ὅτ’
313 1385 434 1476 ἐκείνην
455 1379 549 1469 εἶχον,
572 1381 738 1475 ὠρέγοντο,
759 1381 854 1453 ταῦθ’
880 1385 969 1469 ὑμεῖς
984 1388 1107 1470 μᾶλλον
1128 1384 1209 1466 ἴσως
1224 1382 1344 1466 εἰδότες

181 1486 283 1580 ‘pao
307 1485 463 1578 φοβοῖσθ’
486 1482 525 1554 tv
553 1484 692 1570 εἰκότως.
736 1501 751 1570 5
775 1496 814 1554 29
844 1485 1101 1574 Λακεδαιμόνιοι
1123 1483 1162 1572 δ’,
1192 1482 1235 1556 ὅτ’
1259 1481 1344 1571 εἶχον

183 1587 307 1674 αύτούς,
330 1587 380 1680 ἐφ’
404 1586 488 1680 ἡμᾶς
514 1588 657 1677 ἐχρῶντο.

265 1719 296 1797 λ)
320 1720 337 1777 2
361 1723 377 1793 5
402 1720 429 1778 3.
472 1716 687 1777 Demosthenes
709 1715 786 1775 dixit
806 1735 837 1776 se
859 1735 895 1775 ea
914 1715 1155 1794 praetermittere,
1179 1715 1210 1774 in
1234 1713 1343 1793 quibus

180 1821 279 1901 posita
301 1829 365 1881 erat
386 1810 477 1903 ῥιύμρ
503 1817 644 1898 Philippi.
693 1818 796 1878 Nihilo
823 1826 924 1878 tamen
952 1816 1050 1877 minus
1078 1818 1181 1878 eadem
1211 1817 1343 1879 oratione

179 1944 280 1985 omnes
307 1919 445 2000 exposuit
472 1941 532 1994 res,
567 1919 676 1999 quibus
701 1920 854 1981 nitebatur
881 1919 944 1980 eins
967 1911 1068 2004 ῥώμη.
1116 1921 1197 1980 Nam
1218 1941 1343 1982 comme·

178 2035 276 2087 morat
300 2031 336 2100 55
360 2028 378 2085 5
400 2032 431 2084 et
454 2028 471 2086 6
494 2043 618 2103 magnas
639 2032 711 2084 tunc
738 2022 831 2083 fuisse
857 2043 927 2102 opes
949 2022 1083 2102 Philippi
1096 2025 1133 2103 ²),
1158 2029 1173 2098 5
1200 2027 1216 2084 7
1246 2023 1342 2084 inesse

178 2129 209 2189 in
231 2127 283 2189 illo
305 2147 374 2205 rege
395 2146 462 2186 eam
484 2125 691 2198 calliditatem,
718 2145 779 2203 qua
800 2123 861 2185 fere
884 2145 999 2198 omnes,
1027 2125 1204 2204 quibuscum
1227 2124 1342 2204 aliquid

180 2239 257 2310 agat,
276 2229 370 2290 soleat
391 2248 530 2307 superare
552 2236 582 2287 et
602 2226 691 2288 rebus
713 2227 774 2287 suis
797 2227 890 2287 addat
904 2227 1117 2289 incrementum
1131 2229 1160 2309 ³),
1184 2234 1199 2303 5
1217 2231 1235 2288 8
1251 2227 1342 2289 Thes·

181 2333 286 2393 saliam
306 2330 399 2392 veluti
420 2331 451 2389 in
479 2329 649 2410 provinciae
676 2328 803 2389 formam
830 2328 868 2390 ab
897 2351 931 2390 eo
956 2331 1107 2392 redactam
1136 2351 1198 2392 esse
1212 2333 1247 2412 ⁴),
1281 2337 1297 2406 5
1322 2334 1340 2392 9

182 2433 278 2495 multa
304 2454 371 2494 eum
397 2432 463 2494 loca
490 2453 650 2512 occupasse
664 2433 701 2509 ⁵),
729 2437 744 2506 5
770 2433 810 2491 14
836 2433 998 2493 exercitum
1027 2433 1089 2494 eius
1115 2455 1175 2495 non
1197 2454 1260 2494 esse
1281 2454 1342 2494 om·

181 2538 253 2597 nino
274 2535 521 2597 contemnendum
534 2537 564 2613 6),
587 2541 602 2610 5
621 2534 839 2596 ltexercitum
862 2555 972 2614 magna
988 2536 1070 2616 apud
1085 2557 1185 2598 omnes
1205 2536 1343 2616 opinione

62 2627 64 2631 ’
180 2639 307 2700 bellicae
328 2638 446 2700 virtutis
468 2638 571 2699 florere
586 2639 615 2719 ⁷),
639 2639 712 2713 515
735 2655 882 2696 summam
904 2637 999 2699 inesse
1020 2638 1052 2698 in
1073 2640 1216 2720 Philippo
1237 2659 1343 2719 propo·

179 2743 227 2804 siti
241 2731 431 2803 tenacitatem
445 2743 476 2822 ⁸),
500 2748 515 2817 5
533 2744 572 2803 20
593 2759 639 2801 res
660 2738 723 2799 eius
737 2758 875 2819 prospere
897 2759 928 2801 se
948 2739 1058 2802 habere
1072 2744 1101 2824 9),
1126 2749 1141 2818 5
1158 2745 1197 2803 22
1211 2740 1341 2802 multum

180 2845 321 2908 momenti
338 2844 529 2906 tribuendum
545 2863 608 2904 esse
623 2842 768 2916 fortunae,
787 2841 897 2922 quippe
913 2863 990 2922 quae
998 2844 1139 2925 Philippo
1156 2844 1342 2927 arrideat10).

182 2969 406 2978 *φ*

180 3021 315 3089 negasset.
367 3014 515 3068 helandius
548 3018 641 3067 autem
672 3012 714 3081 (id
744 3013 818 3080 quod
847 3013 935 3067 simile
968 3018 1011 3068 est
1034 3013 1202 3068 Kirohhoffii
1231 3014 1343 3083 rationi)

180 3108 226 3160 illa
262 3103 461 3158 sententiarum
491 3101 678 3170 repugnantia
708 3105 823 3154 conatus
854 3105 896 3153 est
925 3101 966 3154 ita
996 3103 1050 3166 uti,
1086 3106 1118 3157 ut
1148 3102 1342 3157 Demosthenis

183 3195 335 3247 orationem
372 3195 499 3259 quartam
536 3207 570 3242 ex
606 3188 712 3242 duabus
748 3187 920 3243 orationibus
956 3188 1103 3244 conflatam
1140 3207 1198 3243 esse
1230 3189 1342 3243 demon·

183 3285 291 3336 straret.
330 3279 459 3346 (Thomas
479 3275 593 3342 Leland,
614 3276 661 3329 the
681 3292 719 3328 or.
740 3275 772 3328 of
787 3276 874 3342 Dem,
894 3277 948 3332 vol.
965 3278 993 3343 I,
1012 3277 1131 3332 London
1151 3279 1233 3345 1757,
1251 3294 1280 3344 p.
1298 3280 1341 3331 22.

182 3453 277 3508 τούτου
293 3450 382 3525 μόνον
399 3452 516 3524 pavos?
535 3452 570 3505 of.
590 3452 668 3505 Dem.
690 3454 722 3505 18
742 3452 833 3522 5236)
853 3447 920 3521 ἡμῖν
937 3450 1008 3504 εἶναι
1025 3448 1173 3520 τὸνλόγον
1190 3447 1261 3520 πρὸς
1278 3450 1343 3504 ἐκεί·

182 3561 256 3615 νους·
277 3539 334 3595 ἀλλ’
353 3536 424 3594 aloa
442 3536 517 3610 τόγ’
537 3536 657 3592 ἐπελθὸν
673 3542 762 3591 εἰπεῖν
778 3557 836 3610 μοι.
907 3540 934 3609 2)
952 3543 1040 3609 μέγας
1058 3537 1162 3606 ηὐξήθη
1181 3543 1209 3592 et
1227 3535 1343 3609 ηὐξημέ-

181 3648 236 3686 νον.
325 3629 355 3696 3)
379 3624 428 3693 τὴν
447 3625 500 3697 γὰρ
524 3623 646 3680 ἑκάστων
664 3622 760 3679 ἄνοιαν
778 3625 820 3678 ἀεὶ
838 3629 892 3678 τῶν
910 3622 1083 3696 ἀγνοούντων
1101 3621 1184 3678 αὐτὸν
1202 3625 1343 3683 ἐξαπατῶν

180 3720 225 3771 καλ
245 3711 464 3786 προσλαμβάνων
482 3711 564 3773 ούτως
583 3710 693 3779 ηὐξήθη.
765 3716 794 3785 4)
814 3713 1012 3782 δεδουλωμένοι
1032 3715 1168 3766 Θετταλοί.
1240 3712 1267 3780 5)
1295 3715 1343 3780 βίᾳ

183 3808 305 3866 καθέξειν
333 3800 416 3856 αὐτὸν
442 3800 475 3854 τὰ
504 3798 653 3872 πράγματα
677 3805 714 3869 τῷ
736 3799 770 3853 τὰ
792 3804 881 3871 χωρία
903 3802 949 3852 καὶ
972 3802 1082 3870 λιμένας
1105 3803 1152 3854 καλ
1174 3800 1207 3852 τὰ
1232 3803 1343 3852 τοιαῦτα

182 3895 385 3964 προειληφέναι.
439 3891 466 3957 6)
486 3886 665 3959 δύναμιςκαὶ
684 3884 754 3958 ἀρχὴ
775 3931 780 3941 .
800 3928 806 3940 .
826 3931 832 3942 .
851 3883 992 3958 ούμικρύ.
1046 3889 1072 3958 7)
1091 3887 1173 3948 δόξαν
1190 3888 1244 3958 μὲν
1261 3887 1343 3957 ἔχου-

182 3997 234 4050 σιν,
254 3978 289 4040 ὥς
306 3983 359 4032 εἰσι
377 3978 535 4048 θαυμαστοὶ
553 3978 599 4028 καὶ
618 3977 863 4046 συγκεκροτημένοι
885 3972 918 4026 τὰ
937 3977 990 4026 τού
1006 3979 1135 4048 πολέμου.
1207 3977 1236 4045 8)
1255 3972 1345 4050 προῄ-

181 4088 259 4140 ρηται
277 4064 403 4138 πράττων
421 4066 467 4116 καὶ
486 4060 656 4133 κινδυνεύων,
675 4059 709 4116 ἂν
728 4065 818 4136 συμβῇ
835 4081 869 4126 τι,
888 4067 998 4116 παθεῖν.
1035 4065 1063 4132 9)
1081 4067 1236 4134 κατορθοῦν
1254 4068 1282 4119 at
1299 4061 1344 4116 εύ-

181 4157 302 4232 πραξλαι.
374 4153 419 4223 10)
437 4148 601 4219 εὐτυχοῦντα
622 4155 650 4206 et
668 4147 732 4204 ὅλον
750 4148 765 4218 ἡ
784 4146 860 4220 τύχη.
