2954 4824
217 311 252 370 te

214 479 363 542 collocari
387 478 540 560 debuerit,
563 498 611 560 00,
634 498 719 560 quac
743 499 801 542 000
825 486 941 542 001010
958 479 1124 543 000100010
1148 481 1218 561 0101,
1241 499 1331 562 0000-

212 589 327 646 rentur.
374 581 505 644 Placere
529 581 587 644 bec
610 582 750 663 cuipiam
774 583 899 662 0010111.
951 581 1018 644 Nec
1045 587 1151 644 tamen
1175 583 1208 644 in
1232 582 1331 646 alium

145 753 146 758 1
213 706 310 767 quam
335 705 428 766 quern
452 684 603 747 traditum
629 683 784 748 hebemus
808 685 949 748 ordinem
973 690 1037 748 tres
1061 685 1134 748 illas
1157 684 1333 768 particulas

211 785 354 866 redigere
370 791 475 848 orator
492 787 601 867 potuit,
624 785 700 866 quia
717 786 812 849 tertia
835 784 992 868 particula
1009 790 1085 866 (qua
1101 787 1329 850 Androtiencm

212 888 296 969 qued
328 888 481 972 pecunias
519 888 679 968 quendam
711 888 854 952 severius
889 890 1031 970 exegerit
1062 888 1240 952 calamitati
1273 890 1330 952 sibi

210 991 277 1056 fore
309 996 491 1072 querentem
516 995 621 1053 orator
644 988 780 1073 inducit)
811 989 852 1052 ad
884 991 1017 1053 alteram
1050 989 1147 1052 tetius
1176 992 1332 1055 orationis

210 1100 335 1178 partem
366 1092 464 1175 (quac
495 1091 535 1156 de
567 1093 702 1173 ratione,
733 1111 797 1172 qua
820 1091 998 1156 Androtion
1027 1092 1059 1155 in
1089 1092 1254 1175 republica
1277 1094 1331 1156 ad-

210 1195 422 1259 ministranda
444 1215 520 1258 usus
543 1197 593 1277 011,
615 1194 678 1279 001)
694 1213 870 1259 sermenem
894 1195 1040 1260 traducit,
1084 1195 1223 1278 Accedit,
1247 1195 1332 1276 quod

211 1301 368 1362 sententia
404 1298 490 1360 illius
527 1297 653 1361 mediae
682 1297 861 1380 particulae
897 1297 977 1361 bene
1007 1297 1250 1361 accommodata
1284 1308 1332 1362 001

210 1401 472 1465 antecedentibus
484 1400 603 1482 verbis,
625 1419 793 1480 0001,ουιο
811 1400 915 1483 prima
931 1401 1088 1482 particula
1100 1400 1329 1464 Androtienem

212 1523 269 1585 pre
293 1510 407 1567 senatu
422 1502 519 1566 verba
541 1501 711 1566 facientem
735 1510 842 1565 orator
865 1500 972 1584 fingat,
996 1522 1047 1583 ea,
1072 1521 1156 1583 quae
1179 1503 1329 1584 sequitur,

209 1605 416 1668 Androtienis
439 1605 581 1686 collegas
603 1603 688 1667 idem
712 1603 853 1667 facturos
876 1611 947 1668 esse
971 1605 1162 1688 suspicatur.

294 1708 356 1772 Sed
401 1707 541 1770 nondum
579 1706 619 1770 de
656 1705 706 1769 his
740 1706 846 1770 verbis
879 1705 1055 1790 disputatio
1095 1706 1178 1770 finiri
1217 1714 1331 1790 001001.

208 1810 354 1874 Β1000100
377 1809 471 1891 enim,
499 1808 639 1872 mediam
669 1809 766 1889 illam,
797 1809 837 1872 de
870 1827 933 1889 qua
958 1809 1106 1890 diximus,
1136 1808 1327 1891 particulam

209 1919 310 1976 totam
335 1912 481 1977 excidere
504 1931 543 1974 cx
568 1911 797 1975 sententiarum
823 1931 945 1975 conexu
969 1918 1068 1994 putat,
1092 1931 1163 1975 eum
1187 1919 1330 1996 prepter·

207 2035 255 2098 ea,
287 2015 371 2096 quod
394 2035 491 2098 supra
506 2015 538 2077 in
561 2015 734 2097 partitione
756 2013 849 2077 buius
873 2014 1027 2077 orationis
1050 2012 1084 2098 (ᾗ
1101 2014 1143 2097 3.)
1165 2014 1235 2078 eius
1258 2035 1329 2097 par-

208 2119 326 2182 ticulae
350 2117 540 2181 sententiam
565 2123 671 2180 orator
690 2137 752 2179 000
776 2115 974 2196 indicaverit,
996 2123 1061 2178 turn
1085 2123 1216 2198 prepter
1239 2135 1329 2200 prae-

209 2205 340 2304 cipitem
365 2219 534 2282 transitum
557 2219 589 2281 in
613 2216 706 2302 §Ab
737 2219 790 2282 ubi
813 2219 1012 2303 prenomine,
1035 2218 1118 2299 qued
1142 2225 1192 2282 001
1214 2209 1330 2302 αὐτόν,

207 2321 343 2386 Archias
366 2321 429 2400 1110,
454 2321 493 2385 dc
516 2340 577 2402 que
601 2329 707 2386 crater
730 2327 803 2384 0010
827 2323 950 2384 1000100
973 2327 1033 2401 001,
1057 2341 1119 2384 000
1142 2321 1330 2402 Androtion,

207 2425 263 2506 qui
286 2422 396 2488 debuit
427 2424 545 2505 quique
575 2423 762 2486 nominatim
787 2423 1001 2506 appellandus
1023 2423 1090 2503 fuit,
1121 2423 1329 2506 significatur.

212 2527 272 2592 eui
295 2527 410 2591 Blassii
434 2525 574 2608 opinioni
597 2525 690 2610 plura
713 2532 787 2588 sunt
810 2524 986 2590 obicienda.
1031 2528 1077 2589 Ac
1101 2529 1238 2608 primum
1264 2527 1329 2608 qui-

207 2630 288 2712 dem,
311 2649 406 2711 quarn
424 2610 492 2692 arte
515 2628 672 2692 sententia
694 2627 780 2691 illius
796 2627 981 2710 particulae,
1005 2647 1089 2708 quae
1112 2629 1145 2691 10
1168 2627 1327 2712 discepta-

205 2732 321 2796 tionem
347 2732 447 2812 venit,
481 2750 550 2795 curn
575 2730 776 2794 antecedenti
800 2729 960 2812 particula
984 2731 1152 2794 coniuncta
1175 2731 1232 2810 sit,
1263 2733 1325 2794 ian

208 2853 306 2916 supra
330 2834 476 2914 vidimus,
500 2851 603 2914 neque
626 2851 696 2896 eam
721 2831 760 2895 eb
783 2851 848 2896 rem
867 2831 1062 2916 mirabimur,
1085 2831 1169 2913 quod
1185 2833 1217 2895 in
1234 2832 1328 2898 huius

206 2936 360 3000 orationis
390 2935 561 3018 partitione
591 2934 677 2998 illius
710 2933 790 2998 ratio
823 2934 914 2997 nulla
948 2934 1059 2998 habita
1091 2941 1147 2999 001.
1203 2935 1329 3000 Deinde

205 3039 312 3103 facere
341 3058 419 3114 nen,
436 3038 580 3120 potuisse
613 3041 785 3117 oratorem,
820 3036 896 3117 quin
927 3043 1092 3101 senatores
1121 3056 1178 3119 pro
1213 3046 1328 3102 senatu

205 3141 435 3224 deprecaturos
459 3159 529 3204 0000
553 3144 755 3223 exspectaret
779 3158 817 3202 ac
839 3158 896 3220 pre
917 3138 1001 3202 virili
1024 3144 1115 3220 parte
1138 3157 1194 3203 000
1216 3159 1328 3222 preces

205 3243 399 3326 infringeret,
429 3241 664 3306 concedendum
697 3247 752 3304 001.
797 3241 893 3322 Tum,
924 3241 1008 3321 quod
1037 3239 1120 3305 idem
1145 3240 1193 3304 vir
1215 3241 1328 3308 dectus

205 3352 317 3430 000100
342 3345 399 3409 1110
424 3345 542 3409 1000110
565 3363 635 3408 0000
659 3343 849 3425 suspicatur,
872 3341 1089 3422 quaerendum
1112 3343 1204 3407 nobis
1228 3349 1285 3426 001,
1307 3364 1328 3408 0

205 3469 267 3531 quo
289 3448 409 3513 inserta
432 3466 502 3512 0000
524 3447 632 3531 001011
660 3445 791 3528 0000101.
836 3445 911 3510 Sine
935 3446 1030 3509 dubio
1054 3446 1096 3510 ab
1120 3465 1166 3528 00,
1197 3449 1252 3527 001
1276 3467 1326 3512 100

206 3553 446 3616 accuratissime
469 3551 616 3633 cognitas
639 3547 784 3627 haberet,
814 3555 910 3629 atque
938 3549 1032 3612 etiam
1057 3547 1186 3612 nemina
1209 3569 1327 3632 cerum,

205 3655 259 3737 qui
282 3654 445 3738 deprecati
469 3659 555 3735 sunt,
586 3651 740 3715 memoria
761 3657 895 3734 teneret,
925 3651 1010 3715 unde
1033 3650 1175 3734 efficitur,
1206 3659 1241 3715 ut
1264 3672 1325 3716 neu

204 3758 250 3820 ita
274 3756 372 3820 multe
395 3762 468 3838 0001
490 3761 594 3819 actam
616 3743 749 3818 eausam
771 3754 891 3818 inserta
907 3773 978 3818 0000
993 3753 1050 3816 1110
1065 3754 1164 3818 verba
1181 3754 1326 3836 putanda

204 3860 275 3923 sint.
320 3857 383 3922 Sed
406 3866 522 3938 tamen,
553 3863 586 3920 01
602 3856 710 3937 verba,
733 3875 817 3937 quae
839 3858 923 3936 538.
946 3857 1101 3939 leguntur,
1123 3855 1216 3921 baec:
1248 3857 1325 3930 10000

206 3953 406 4044 ἀναβήσεται
438 3961 492 4024 καὶ
524 3971 656 4040 συνερεῖ
683 3962 723 4040 τῇ
747 3961 852 4040 βουλῇ
878 3959 1046 4034 Φίλιππος
1068 3960 1122 4022 καὶ
1140 3949 1325 4044 Ἀντιγένης

204 4063 261 4127 καὶ
285 4054 539 4146 ὃᾶντιγραφεύς
554 4063 610 4125 καί
634 4085 741 4138 τινες
764 4054 892 4139 ἄλλοι,
915 4067 1064 4126 00001010
1080 4062 1325 4142 00001110101000,

206 4185 431 4248 0000100010
455 4165 622 4248 probabile
645 4165 761 4247 sitite
784 4165 916 4228 dubiese
938 4165 1112 4230 locuturum
1136 4163 1236 4228 fuisse
1258 4183 1324 4228 era-
