2998 4826
714 179 752 238 25

155 367 252 446 priore
273 372 359 444 parte
384 384 443 424 non
464 363 579 442 possint
600 363 773 442 comparari.
816 362 874 422 Est
899 360 992 440 igitur
1014 359 1173 421 verisimile
1194 367 1310 440 partem

154 468 343 547 posteriorem
366 467 397 525 in
418 465 528 526 iudicio
549 464 641 525 fuisse
662 465 757 526 multo
774 465 924 538 minorem,
947 483 1037 542 quam
1052 483 1132 524 nunc
1146 469 1198 523 est
1230 462 1309 536 tam,

158 571 184 630 si
194 590 231 630 ex
240 570 371 629 oratione
377 567 624 640 duodevicesima,
637 566 756 647 qualem
765 586 846 626 nunc
856 565 1008 639 habemus,
1020 567 1121 626 omnia
1131 564 1192 626 litis
1203 563 1310 625 instru-

156 680 257 732 menta
277 671 499 744 removerimus,
529 671 601 748 ipsis
623 669 832 730 Demosthenis
854 669 954 731 verbis
982 668 1097 729 circiter
1119 669 1179 728 300
1203 672 1237 742 §5
1261 687 1311 727 ex·

155 774 229 854 pleri
262 774 449 853 reperiemus.
502 773 653 832 Numerus
688 773 781 851 igitur
815 769 989 831 dimidiatus
1025 776 1141 830 constat
1177 789 1215 830 ex
1252 771 1311 830 150

154 877 217 937 fere
239 883 283 952 55.
325 875 454 947 Deinde,
481 875 784 958 61611611-125,
815 872 918 953 quales
946 879 1066 932 exstant
1091 873 1122 931 in
1152 870 1312 946 codicibus,

155 979 256 1040 omnia
281 977 343 1039 litis
370 979 569 1037 instrumenta
590 975 693 1038 tollere
715 986 745 1038 61
771 996 883 1056 paucas
905 975 973 1036 illas
996 981 1044 1050 ἐξ,
1072 973 1182 1054 quibus
1210 973 1313 1054 aliqua

133 1101 135 1104 ·
155 1073 366 1164 διττογραφιά
387 1081 556 1141 continetur
570 1082 602 1160 ¹),
623 1099 762 1158 seponere
777 1078 885 1139 erimus
901 1079 974 1151 ausi,
998 1076 1089 1140 verba
1102 1076 1312 1137 Demosthenis

155 1185 187 1243 in
213 1183 271 1244 hac
304 1184 445 1243 orationis
476 1191 562 1261 parte
591 1183 689 1261 posita
716 1182 832 1242 circiter
867 1182 926 1242 100
959 1179 1162 1260 paragraphos
1194 1178 1313 1258 explere

154 1287 343 1365 reperiemus.
387 1285 485 1361 Quem
506 1304 661 1344 numerum
683 1283 708 1343 si
728 1282 938 1344 deduxerimus
959 1282 997 1342 de
1017 1281 1077 1342 illis
1095 1284 1154 1343 150
1172 1288 1215 1357 §§,
1238 1301 1313 1361 quas

157 1385 249 1466 paulo
271 1395 340 1446 ante
361 1387 594 1459 commemoravi,
622 1384 753 1464 reliquae
775 1393 862 1445 erunt
882 1387 922 1446 50
946 1390 990 1460 ἐξ.
1033 1385 1184 1445 Numerus
1212 1392 1313 1445 autem

159 1490 198 1550 50
226 1489 481 1567 paragraphorum
507 1489 579 1549 satis
605 1507 731 1565 magnus
759 1486 829 1560 fuit,
862 1495 897 1547 111
927 1507 988 1547 non
1020 1485 1117 1548 solum
1147 1486 1185 1547 de
1217 1488 1312 1567 ipsius

157 1589 315 1650 Aeschinis
337 1592 401 1652 vita
423 1591 537 1671 aliquid
565 1590 711 1650 diceretur
723 1591 758 1670 ²),
787 1589 837 1650 sed
863 1591 954 1651 etiam
981 1609 1033 1650 eae
1058 1609 1117 1663 res,
1149 1609 1226 1670 quae
1247 1610 1312 1670 per·

155 1692 294 1753 tinebant
316 1693 355 1752 ad
377 1693 492 1753 cladem
514 1692 695 1754 Graecorum
718 1702 869 1771 acceptam
892 1692 930 1752 ad
951 1691 1162 1766 Chaeroneam,
1185 1691 1313 1771 aliaque,

81 1791 86 1803 ¹
155 1815 233 1874 quae
247 1794 410 1856 Aeschines
432 1798 547 1857 crimini
569 1797 691 1857 dederat
707 1795 902 1855 Demostheni
917 1796 947 1874 ³),
969 1793 1051 1854 haud
1068 1815 1175 1874 parum
1197 1795 1314 1874 copiose

154 1897 394 1976 explanarentur.
444 1899 504 1960 sed
529 1899 603 1960 haec
632 1898 793 1978 explicatio
820 1897 859 1957 ad
887 1895 979 1957 aliam
1007 1896 1116 1957 sensim
1144 1897 1312 1976 sensimque

153 2020 207 2061 nos
229 1999 355 2060 deduxit
375 2001 585 2080 quaestionem,

237 2103 311 2164 Fert
340 2102 419 2164 enim
450 2104 517 2183 ipsa
546 2103 589 2164 rei
620 2110 740 2175 natura,
779 2109 814 2162 ut
844 2101 876 2160 in
904 2121 938 2162 eo
967 2099 1070 2162 labore
1097 2101 1314 2177 Demosthenis,

155 2206 208 2286 qui
249 2206 288 2266 ad
331 2207 493 2267 orationem
530 2206 771 2286 Ctesiphonteam
813 2203 953 2284 pertinet,
1005 2212 1064 2265 tres
1104 2205 1214 2285 gradus
1255 2205 1316 2268 sint

156 2308 360 2370 constituendi.
402 2309 483 2370 Nam
505 2317 535 2372 et
557 2317 626 2369 ante
640 2306 742 2369 iudicii
763 2306 842 2368 diem
858 2306 986 2368 debebat
1000 2307 1093 2368 literis
1114 2328 1150 2368 ea
1164 2308 1314 2383 mandare,

158 2430 243 2488 quae,
264 2410 436 2490 priusquam
456 2411 613 2472 Aeschinis
636 2410 798 2472 orationem
820 2409 943 2483 audivit,
965 2429 1071 2490 parare
1092 2419 1208 2491 poterat
1216 2411 1254 2490 4),
1285 2419 1315 2474 et

156 2512 274 2592 inipso
300 2512 408 2574 iudicio
435 2515 475 2575 eis
497 2513 607 2588 verbis,
641 2534 718 2593 quae
740 2521 810 2573 ante
831 2511 975 2576 iudicium
995 2511 1088 2574 literis
1109 2513 1313 2588 mandaverat,

225 2753 249 2818 1)
268 2751 361 2805 Veluti
386 2749 418 2821 ἓξ
443 2753 460 2804 8
487 2754 516 2804 61
544 2753 585 2806 63.
657 2751 686 2818 2)
710 2751 742 2804 In
770 2767 802 2803 ea
832 2749 922 2804 forma
949 2751 1097 2819 orationis,
1130 2770 1212 2821 quam
1241 2770 1315 2808 nnnc

156 2841 305 2906 habemus,
333 2857 377 2892 res
396 2839 432 2892 ad
450 2840 536 2892 vitam
554 2838 699 2892 Aeschinis
721 2839 893 2906 pertinentes
912 2838 941 2891 111
961 2837 1028 2892 duas
1047 2843 1142 2907 partes
1161 2840 1315 2910 diremptas

157 2932 234 2995 sunt,
257 2925 289 2997 ἓξ
309 2929 359 2980 126
375 2944 399 2980 6.
419 2944 444 2995 q.
464 2944 484 2980 s.
505 2932 588 2995 atque
607 2926 639 2997 ἓξ
657 2927 709 2980 258
728 2943 751 2979 6.
764 2942 790 2994 q.
804 2943 826 2979 s.
863 2924 986 2979 Naturae
1006 2931 1098 2980 autern
1116 2945 1209 2981 rerum
1227 2929 1314 2999 magis

159 3015 306 3069 convenire
324 3014 354 3068 id
372 3014 495 3078 videtur,
515 3018 546 3068 ut
565 3013 672 3082 omnia,
697 3031 767 3082 quae
786 3013 821 3066 de
840 3014 897 3068 sius
917 3015 976 3068 vita
994 3014 1112 3069 dicenda
1130 3014 1194 3084 sint,
1217 3016 1315 3072 eodem

160 3103 222 3156 loco
236 3101 394 3166 ‚afferantur
411 3119 515 3170 neque,
541 3105 572 3155 ut
590 3117 645 3154 uno
665 3102 791 3169 exemplo
811 3105 891 3170 utar,
917 3101 952 3156 ds
971 3103 1029 3157 eins
1048 3104 1225 3173 parentibus,
1253 3122 1315 3160 cum

157 3192 186 3244 in
206 3190 239 3261 ἓξ
259 3193 309 3245 129
328 3208 351 3244 e.
372 3208 398 3257 q.
416 3179 438 3241 s.
464 3188 529 3240 satis
549 3189 648 3242 acerbe
666 3190 788 3256 satisque
804 3190 899 3244 multis
918 3191 1010 3244 verbis
1029 3191 1133 3245 dictum
1151 3193 1196 3260 sit,
1214 3193 1315 3248 iterum

159 3278 188 3331 in
209 3277 242 3348 ἓξ
266 3279 319 3332 258
343 3295 365 3331 e.
386 3294 411 3345 q.
432 3293 452 3328 s.
472 3275 589 3328 dicatur.
625 3277 698 3330 Talis
722 3271 871 3331 verborum
894 3278 1043 3333 multitudo
1068 3280 1207 3348 nimiaque
1231 3281 1316 3335 animi

159 3367 295 3420 acerbitas
314 3369 454 3434 repugnat
472 3368 569 3418 contra
586 3365 629 3433 id,
658 3364 732 3433 quod
752 3365 812 3433 ipse
830 3365 1028 3420 Demosthenes
1046 3367 1199 3435 promittit:
1229 3368 1315 3439 §126

159 3449 226 3504 αὐτὰ
242 3447 462 3522 τάναγκαιότατα
481 3457 509 3506 61
527 3453 606 3522 §256
626 3447 794 3522 μετριώτατα
811 3451 993 3520 (61.11611111111,
1012 3471 1039 3523 p.
1052 3455 1123 3523 332).
1158 3456 1316 3511 Putaverim

159 3541 244 3610 igitur
261 3540 475 3594 Demosthenem
494 3557 548 3593 uno
566 3541 628 3593 loco
648 3538 690 3609 (§§
705 3541 754 3593 126
765 3557 788 3594 o.
800 3557 826 3608 q.
839 3541 870 3608 s.)
890 3540 925 3594 de
942 3540 1001 3594 vita
1017 3541 1162 3596 Aeschinis
1174 3561 1315 3616 perpauca

159 3628 233 3697 apud
250 3628 355 3682 iudices
369 3627 477 3696 dixisse,
495 3632 594 3696 postea
606 3643 671 3680 vero
685 3628 770 3680 etiam
785 3627 902 3681 alterurn
914 3627 991 3682 illum
1009 3629 1101 3682 locum
1118 3631 1148 3684 in
1160 3632 1316 3686 orationem

159 3716 312 3769 immisisse.
383 3715 411 3782 3)
429 3716 462 3769 E.
483 3733 506 3769 c.
526 3714 612 3774 affero
633 3731 678 3781 ea,
706 3731 775 3782 quae
797 3715 896 3768 Aesoh.
916 3714 1025 3769 dixerat
1043 3718 1107 3786 περὶ
1123 3722 1170 3784 τῆς
1187 3714 1269 3789 τύχης
1287 3724 1315 3774 61

157 3804 222 3874 περὶ
248 3795 296 3867 τῆξ
322 3798 475 3868 δεινότητος
506 3802 709 3857 Demosthenis.
790 3804 822 3869 4)
850 3801 1039 3856 Κ11611116111116
1069 3805 1106 3872 (p.
1133 3807 1177 3872 84)
1206 3808 1316 3874 putavit·

157 3890 373 3944 Demosthenem
398 3891 473 3959 apud
491 3892 596 3944 iudices
620 3889 680 3944 fere
702 3889 794 3943 omnia
819 3906 852 3942 ex
874 3893 1001 3958 tempore
1027 3890 1135 3946 dixisse.
1171 3893 1203 3947 Id
1222 3899 1314 3949 autern

156 3981 274 4047 propter
301 3993 407 4032 causae,
429 3978 550 4032 orandae
577 3977 742 4048 gravitatem
775 3980 803 4029 61
829 3976 1023 4032 Demosthenis
1054 3978 1226 4048 diligentiam
1256 3982 1315 4036 veri

157 4065 248 4118 minus
267 4064 356 4118 simile
375 4070 424 4119 est.
461 4065 510 4134 (Cf.
529 4066 562 4119 A.
583 4063 769 4131 Schaeferum,
789 4063 836 4132 111,
855 4068 880 4132 2,
898 4066 945 4118 80:
974 4065 1042 4132 „auf
1058 4065 1107 4120 das
1126 4067 1314 4139 sorgfaltigste

157 4153 366 4222 vorbereitet“.)
403 4153 519 4208 Constat
542 4154 615 4208 enim
637 4151 854 4208 Demosthenem
878 4169 992 4223 operam
1016 4151 1137 4222 dedisse,
1160 4159 1204 4224 ut,
1230 4172 1313 4224 quam

1236 4398 1298 4415 s.—.
