2998 4826
619 423 795 476 -7-

211 587 308 656 Atque
327 603 390 641 cum
409 584 565 640 secundum
583 587 665 654 leges
686 583 755 638 artis
774 580 935 636 rhetoricae
955 582 1089 649 oporteat
1108 593 1172 634 esse
1190 577 1220 632 in
1234 593 1294 632 ora·

111 702 185 750 tore
213 694 420 762 inventionem,
456 692 686 762 dispositionem,
721 689 909 744 elocutionem
918 688 939 757 ¹)
967 703 1087 756 eamque
1114 686 1151 740 ob
1177 701 1294 740 causam

113 803 236 874 optime,
256 802 364 871 opinor,
384 815 458 869 quae
478 800 516 854 sit
535 799 595 855 eius
615 799 676 869 „vis
694 813 730 852 ae
749 796 929 864 facultas“²),
947 794 1041 864 possit
1063 793 1206 862 intellegi,
1231 809 1294 848 cum

114 914 285 978 quaeratur,
310 924 377 961 num
396 913 455 962 tres
473 907 537 961 illas
555 907 678 961 virtutes
698 903 879 972 eloquentiae
903 917 974 971 prae
999 917 1030 956 se
1052 900 1135 971 ferat,
1159 900 1201 956 ita
1219 899 1295 955 hanc

114 1017 389 1074 commentationem
407 1014 613 1070 instituendam
631 1019 712 1083 puto,
731 1018 764 1067 ut
783 1028 925 1080 exponam
944 1011 1035 1080 primo
1054 1011 1126 1079 loeo,
1152 1013 1294 1080 quatenus

116 1123 282 1177 orationum
301 1127 463 1176 nostrarum
483 1122 637 1190 scriptores
656 1137 706 1189 ea,
732 1137 807 1190 quae
828 1135 944 1174 causam
964 1118 1142 1187 probabilem
1161 1116 1295 1184 reddant,

114 1230 290 1297 invenerint,
316 1229 417 1294 altero,
442 1243 526 1295 quem
552 1227 721 1283 admodum
747 1244 790 1296 ea,
816 1243 891 1296 quae
916 1227 1088 1294 attulerunt,
1112 1224 1142 1278 in
1167 1223 1294 1278 ordinem

119 1337 304 1404 distribuant,
324 1335 419 1402 tertio,
432 1350 498 1387 num
512 1335 661 1388 sententiis
674 1339 703 1388 et
716 1335 813 1390 verbis
826 1333 937 1388 idoneis
951 1338 1038 1401 atque
1052 1331 1089 1386 ad
1102 1331 1293 1386 inventionem

122 1442 347 1498 accommodatis
366 1444 490 1495 utantur.
528 1438 732 1494 Disserendum
751 1441 838 1509 igitur
858 1446 902 1495 est

123 1621 164 1700 Α.
206 1621 260 1701 De
288 1621 529 1713 inventione,
564 1639 668 1720 quae
697 1627 760 1700 est
787 1621 831 1700 in
858 1621 1117 1702 orationihus
1146 1617 1295 1698 XXXV.

291 1745 486 1826 XXXXlll.
514 1745 805 1826 XXXXVl.--L.
833 1744 904 1824 Lll.
932 1743 1016 1825 llll.
1043 1744 1133 1824 LlX.

211 1903 325 1972 „Omnis
350 1904 423 1957 ratio
447 1903 586 1972 dicendi‘,
609 1907 641 1957 ut
666 1904 706 1958 ait
726 1904 825 1960 Cicero
852 1904 947 1960 de-or.
967 1905 1003 1974 II,
1023 1906 1066 1973 27,
1092 1905 1159 1974 115,
1185 1903 1294 1972 „tribus

117 2011 156 2064 ad
175 2009 410 2079 persuadendum
428 2010 515 2064 rebus
535 2015 580 2064 est
598 2010 680 2065 nixa:
699 2015 731 2064 ut
750 2011 906 2080 probemus
924 2027 994 2066 vera
1014 2027 1085 2081 esse,
1105 2027 1179 2081 quae
1196 2008 1294 2064 defen-

116 2116 226 2187 dimus3
255 2121 287 2169 ut
310 2115 492 2170 conciliemus
517 2116 599 2170 nohis
622 2132 680 2184 eos,
706 2117 754 2186 qui
781 2117 915 2186 audiunt3
944 2123 976 2172 ut
999 2119 1107 2172 animos
1133 2133 1230 2172 eorum
1256 2115 1294 2170 ad

117 2237 316 2290 quemcunque
334 2238 420 2276 causa
434 2223 598 2291 'postulabit
616 2227 724 2276 motum
744 2225 937 2292 vocemus“³).
975 2224 1116 2288 Quaeram
1137 2223 1225 2292 igitur
1244 2237 1294 2276 ne-

120 2343 202 2382 cesse
222 2333 266 2382 est
284 2329 403 2396 primum
423 2329 459 2382 de
479 2330 743 2399 argumentatione,
769 2335 828 2383 tum
848 2329 884 2385 de
905 2331 1055 2386 affectibus
1075 2329 1231 2385 conciliatis
1251 2333 1295 2382 at-

120 2449 177 2502 que
197 2434 345 2489 concitatis
364 2437 540 2505 singularum
559 2437 727 2495 orationum.

245 2595 276 2662 Ι.
308 2597 358 2664 lie
381 2599 687 2680 argumentatione
711 2599 934 2681 singularum
958 2600 1171 2666 orationum.

336 2723 364 2784 1.
392 2721 441 2786 De
465 2726 740 2807 argumentatione
763 2725 914 2788 orationis
937 2723 1078 2787 XXXV.

209 2860 369 2916 Androcles
375 2863 398 2932 ⁴)
413 2861 570 2931 Sphettius,
589 2880 651 2918 cnm
672 2880 721 2918 aes
735 2863 880 2932 faenebre,
900 2863 977 2932 quod
990 2863 1051 2932 ipse
1065 2867 1095 2916 et
1107 2861 1294 2917 Nausicrates

119 2959 332 2970 ——-——

212 3021 233 3088 ¹)
252 3022 288 3075 ad
307 3023 373 3078 Her.
392 3024 414 3092 I,
433 3025 459 3087 2,
478 3025 503 3078 3.

211 3110 233 3177 ²)
253 3111 309 3166 Cic.
330 3113 366 3166 de
387 3128 426 3166 or.
446 3113 469 3180 1,
488 3113 531 3180 31,
552 3113 611 3168 142.

210 3201 233 3268 3)
252 3200 286 3255 V.
300 3201 386 3255 etiam
393 3199 567 3256 Volkmanni
580 3201 641 3256 libr.
661 3202 715 3256 Die
725 3202 863 3258 Rhetorik
877 3203 928 3258 der
940 3202 1080 3258 Griechen
1094 3201 1151 3256 und
1162 3202 1294 3268 ltoemer,

119 3287 187 3354 Lps.
207 3289 286 3356 1812,
304 3305 394 3358 pagg.
414 3289 466 3342 221
486 3306 587 3358 proxx.

209 3378 232 3446 4)
252 3377 361 3432 Nomen
381 3379 486 3434 actoris
505 3380 633 3434 iuvenies
660 3387 689 3435 et
707 3382 735 3436 in
756 3382 925 3437 testimoniis
951 3384 993 3449 (ἐξ
1014 3380 1184 3451 10,14,23)
1210 3383 1240 3432 et
1263 3378 1292 3432 in

119 3470 291 3532 argumento
311 3467 462 3522 aLibanio
483 3467 620 3524 confecto.
656 3471 805 3526 Formulas
825 3477 921 3526 autem
940 3469 1174 3536 testimoniorum,
1194 3468 1293 3522 decre-

119 3557 226 3622 torum,
252 3555 349 3623 legum
376 3557 552 3612 orationibus
576 3559 694 3615 XXXV.
713 3561 876 3617 XXXXIII.
895 3559 1056 3615 XXXXVI.
1075 3558 1149 3612 LIX.
1168 3557 1293 3612 insertas

119 3642 230 3710 spurias
251 3659 314 3698 esse
334 3645 425 3700 minus
438 3646 505 3700 mihi
517 3649 661 3715 persuasit
671 3649 906 3703 Westermaunus
920 3646 1188 3716 (Untersuchungen
1202 3648 1294 3702 ueber

119 3730 166 3784 die
184 3731 213 3784 in
239 3732 285 3786 die
310 3733 450 3789 attischen
469 3736 584 3790 Redner
610 3737 794 3804 eingelegten
812 3735 984 3805 Urkunden,
1009 3736 1037 3790 in
1057 3734 1292 3804 Abhandlungen

119 3819 170 3874 der
189 3820 224 3874 K.
244 3821 444 3878 saechsischen
465 3823 655 3880 Gesellschaft
674 3825 725 3880 der
738 3823 992 3892 wissenschaften,
1018 3823 1163 3893 phil-hist.
1184 3824 1291 3892 Classe,

117 3909 139 3974 I,
158 3910 226 3978 Lps.
246 3911 335 3982 1850).
365 3912 431 3981 Eas,
451 3929 524 3982 quae
545 3913 707 3968 exstantia
728 3930 767 3969 or.
780 3913 952 3982 xxxxlli,
973 3914 1142 3967 novissimus
1162 3911 1293 3967 defendit

118 3997 375 4054 artemidorus
388 4001 415 4054 in
430 4000 497 4056 diss.
507 4002 613 4070 inaug,
633 4018 679 4071 qu.
689 4002 707 4056 i.
720 4003 764 4057 De
775 4002 831 4057 litis
844 4002 1038 4056 instrumentis
1051 4003 1080 4056 in
1089 4001 1293 4056 Demosthenis

119 4101 193 4154 quae
212 4086 303 4166 fertur
322 4088 451 4143 oratione
470 4090 499 4143 in
518 4090 716 4158 Macartatum‚
735 4091 828 4147 Kiliae
847 4092 926 4149 1818.

206 4175 252 4230 De
272 4192 359 4232 eausa
379 4193 418 4232 or.
429 4178 546 4233 XXXV.
567 4185 762 4247 exposuerunt
781 4179 917 4234 Libenius
936 4180 954 4234 l.
974 4180 1001 4249 l.,
1021 4179 1055 4232 A.
1071 4176 1215 4237 Schaefer.
1235 4180 1252 4233 l.
1272 4180 1291 4234 l.
