2998 4826
708 215 747 275 19

146 406 232 479 parte
251 397 364 460 nullius
378 399 420 460 rei
434 396 554 478 publice
568 407 669 478 gestae
682 400 827 461 rationem
837 399 1018 464 reddendam
1033 421 1096 462 esse
1111 401 1304 464 arbitraretur

147 502 206 562 nisi
229 521 342 576 aarum
372 521 446 580 quas
475 521 529 580 pro
556 509 620 562 tota
641 500 770 562 Graecia
796 513 966 583 susceperat
978 505 1008 582 1).
1051 503 1125 565 Tale
1146 504 1303 568 discrimen

147 612 182 665 ut
203 605 393 664 constitueret
413 604 490 663 inter
510 603 586 663 duas
607 602 676 663 illas
698 605 838 666 orationis
859 615 966 685 partes,
995 626 1029 666 eo
1049 605 1164 668 factum
1185 606 1304 668 videtur

147 725 216 780 esse,
239 706 320 785 quod
339 704 544 767 Kirchhoffius
567 705 728 766 arbitratus
750 715 795 766 est
815 727 915 768 omnes
937 728 982 768 res
1002 715 1071 768 ante
1092 707 1177 768 illam
1198 727 1303 788 pacem

146 807 185 869 ab
196 807 430 882 Atheniensibus
452 816 555 868 contra
564 807 739 887 Philippum
760 817 858 886 gestas
873 809 912 870 ad
932 808 1008 869 nihil
1023 809 1107 870 aliud
1127 811 1304 890 pertinuisse

144 911 203 976 nisi
225 910 504 972 adAtheniensium
525 930 594 990 opes
613 910 838 984 conservandas,
860 910 913 972 sed
933 932 979 972 res
1000 920 1068 992 post
1088 910 1165 972 illud
1185 920 1303 991 tempus

144 1022 242 1092 gestas
263 1014 440 1094 pertinuisse
463 1013 502 1074 ad
524 1013 651 1074 salutem
677 1013 768 1074 totius
791 1012 935 1074 Graeciae
945 1015 975 1095 ²).
1018 1014 1090 1089 Sed,
1120 1015 1178 1076 nisi
1206 1013 1302 1088 fallor,

144 1116 359 1178 Demosthenes
380 1117 412 1176 in
433 1117 484 1189 eis,
505 1135 709 1194 quaecumque
730 1115 799 1176 inde
820 1115 859 1176 ab
881 1135 916 1175 ec
936 1123 1074 1194 tempore,
1097 1117 1210 1197 quoad
1228 1137 1304 1178 rem·

146 1217 301 1298 publicam
326 1217 461 1292 accessit,
495 1237 589 1297 usque
611 1217 650 1278 ad
672 1226 836 1278 extremum
858 1219 938 1279 vitae
959 1219 1095 1298 spiritum
1117 1218 1236 1298 publice
1255 1217 1305 1282 vel

145 1321 225 1380 dixit
247 1319 297 1380 vel
318 1319 397 1393 fecit,
418 1319 496 1380 hanc
518 1320 680 1381 sententiae
702 1340 836 1380 normam
857 1328 976 1382 secutus
997 1329 1048 1395 est,
1070 1329 1188 1382 utente
1203 1322 1303 1383 omnia

147 1422 340 1483 Atheniensis
360 1421 463 1502 populi
473 1422 497 1501 ³)
519 1421 601 1482 salus
627 1429 657 1482 et
682 1407 815 1500 dignitas
840 1430 918 1482 esset
946 1443 1036 1500 quam
1062 1424 1206 1497 maxima,
1237 1430 1302 1484 tum

147 1544 218 1585 vero
238 1523 451 1597 Athenienses,
472 1523 504 1584 id
525 1524 605 1602 quod
625 1544 674 1584 eos
695 1522 827 1584 homines
848 1523 984 1598 decebat,
1014 1525 1066 1604 qui
1087 1525 1191 1585 merito
1213 1533 1303 1604 atque

146 1627 275 1705 ingenue
303 1627 504 1706 principatum
532 1625 676 1687 Graeciae
703 1625 815 1688 vellent
842 1625 988 1700 obtinere,
1022 1635 1182 1688 ceterorum
1210 1627 1302 1690 Grae·

145 1748 246 1789 corum
267 1726 435 1788 libertatem
457 1727 495 1788 ab
517 1729 630 1807 impetu
651 1727 700 1789 vel
718 1727 851 1788 Graecae
872 1727 963 1788 ullius
985 1729 1115 1790 civitatis
1138 1729 1187 1793 vel
1208 1731 1302 1791 exteri

143 1832 220 1909 regis
248 1829 439 1892 defenderent
447 1831 478 1910 4).
526 1830 645 1908 Itaque,
677 1831 817 1909 quoniam
845 1851 914 1892 oum
936 1829 1122 1892 Kirchhoffio
1151 1832 1302 1892 consentio

142 1933 374 1994 Demosthenem
395 1939 425 1992 et
447 1938 516 1991 ante
538 1930 621 2022 illam
642 1951 746 2010 pacem
764 1932 994 1992 Atheniensium
1022 1931 1149 1993 salutem
1177 1942 1207 1995 et
1234 1942 1303 2013 post

141 2035 267 2097 eandem
289 2055 393 2115 pacem
415 2033 597 2094 Graecorum
617 2033 785 2096 libertatem
807 2043 962 2113 spectasse,
989 2033 1075 2095 nulla
1095 2034 1168 2094 mihi
1189 2034 1238 2096 hic
1259 2037 1302 2098 vi·

141 2139 251 2200 dentur
271 2138 450 2198 documenta
470 2157 509 2196 ex
529 2135 738 2198 Demosthenis
764 2136 947 2198 orationibus
977 2136 1126 2197 afferenda
1152 2158 1215 2199 esse
1243 2139 1302 2200 nisi

142 2262 190 2315 ea,
222 2241 331 2320 quibus
352 2237 530 2316 intelligitur
555 2238 787 2299 Demosthenem
809 2247 878 2299 ante
899 2237 936 2299 ol.
961 2241 1028 2312 108,
1048 2242 1065 2299 2
1088 2240 1178 2300 etiam
1198 2261 1300 2302 eorum

144 2342 327 2404 consuluise
338 2341 519 2403 Graecorum
541 2340 640 2416 saluti,
663 2342 715 2420 qui
726 2340 860 2402 Atticam
874 2358 934 2401 non
956 2340 1127 2402 incolebant
1137 2343 1168 2425 ⁵),
1189 2351 1219 2404 et
1233 2351 1301 2422 post

144 2444 225 2506 idem
245 2451 361 2522 tempus
382 2444 471 2503 etiam
484 2441 714 2504 Atheniensium
736 2441 827 2504 saluti
838 2445 869 2526 ⁶).
911 2442 1039 2504 Proinde
1059 2442 1205 2505 faciamus
1227 2444 1302 2507 duos

144 2546 263 2608 ordines
284 2545 491 2625 exemplorum.

212 2785 235 2854 1)
254 2785 284 2839 Ρ.
302 2787 344 2840 87.
381 2783 420 2838 Of.
439 2801 466 2852 p.
486 2786 518 2836 71
539 2786 567 2835 et
584 2783 627 2835 72.
697 2781 724 2850 2)
744 2779 783 2834 cf.
796 2779 919 2848 Foxium,
938 2798 966 2848 p.
985 2783 1045 2849 278,
1064 2785 1125 2850 279,
1143 2783 1193 2838 291
1209 2801 1232 2838 e.
1243 2803 1269 2854 q.
1280 2803 1301 2840 s.

144 2875 175 2940 8)
192 2874 288 2942 Polyb.
306 2871 414 2942 (XVIII,
438 2872 479 2936 14,
499 2870 531 2922 11
550 2869 689 2936 Hultsch.)
707 2869 816 2936 putavit
833 2867 1048 2923 Demosthenem
1066 2871 1158 2924 omnia
1177 2873 1213 2926 ad
1230 2875 1301 2927 salu·

145 2966 203 3016 tem
231 2959 441 3016 Atheniensium
469 2957 618 3010 rettulisse.
689 2956 719 3024 4)
750 2955 826 3008 Haeo
856 2957 1058 3024 quodammodo
1086 2958 1301 3015 Demosthenem

146 3047 221 3117 apud
239 3050 361 3102 animum
379 3065 458 3100 suum
477 3048 613 3115 cogitasse
631 3043 799 3111 putaverim:
828 3040 872 3094 dei
891 3049 1005 3094 σκοπεῖν
1026 3045 1079 3114 μὲν
1102 3047 1149 3099 καὶ
1174 3043 1302 3118 πράττειν

145 3135 187 3188 ἀεὶ
198 3132 231 3188 τὰ
244 3134 293 3202 τὴν
306 3133 456 3200 Ἀθηναίων
465 3135 604 3184 πολιτείαν
616 3126 742 3198 σώζοντα,
756 3135 977 3202 συμπαρατηρεῖν
990 3129 1025 3194 d',
1038 3127 1113 3191 ὅπως
1125 3128 1183 3205 ἅμα
1193 3136 1240 3186 καὶ
1251 3131 1303 3202 τὴν

145 3218 228 3289 ἄλλην
244 3218 359 3275 Ἐλλάδα
377 3219 460 3273 σοὶσεν
481 3215 575 3274 ταύτά,
611 3219 655 3272 Ab
680 3218 776 3271 eadem
800 3219 940 3271 sententia
962 3219 1093 3273 videntur
1118 3238 1150 3274 ea
1174 3221 1302 3289 profecta

145 3328 211 3370 esse.
230 3328 299 3378 quae
319 3311 462 3378 Sauppeus
481 3308 552 3361 dixit
569 3308 599 3360 in
617 3305 766 3360 Verhandl.
787 3305 837 3358 der
849 3309 873 3358 7.
887 3305 1049 3360 Versamml.
1064 3307 1188 3363 deutsch.
1202 3309 1300 3364 Philol.

146 3398 176 3451 in
193 3398 290 3452 Dresd.
311 3399 388 3464 1844,
406 3414 433 3465 p.
454 3399 512 3449 127.
547 3395 589 3448 cf.
608 3395 692 3447 etiam
710 3396 742 3448 A.
757 3393 943 3461 Schaeferum,
962 3395 996 3461 Π,
1017 3397 1067 3448 312
1086 3398 1115 3448 et
1133 3397 1192 3461 313,
1211 3395 1302 3450 Disse-

148 3486 230 3552 nium,
254 3503 281 3554 p.
303 3486 353 3538 155
372 3488 400 3538 et
418 3485 478 3551 451,
502 3482 716 3548 Bruecknerum,
739 3498 766 3548 p.
787 3483 827 3533 11.
898 3482 925 3548 5)
944 3481 999 3534 Alii
1018 3498 1127 3549 quoque
1150 3485 1210 3535 tum
1227 3483 1301 3537 idem

148 3574 313 3640 sentiebant,
333 3571 367 3624 cf.
387 3571 474 3644 Dem.
486 3573 517 3625 19
530 3570 563 3640 ἐξ
578 3570 619 3635 10,
640 3571 680 3635 11,
700 3570 759 3636 304,
778 3570 829 3621 319
842 3571 869 3620 et
889 3570 921 3622 18
933 3569 949 3639 ξ
962 3571 1004 3623 20.
1040 3568 1168 3622 Ceterum
1185 3571 1301 3640 respice,

147 3661 196 3726 sis,
224 3659 429 3714 Westerrnanni
455 3659 553 3712 Gesch.
579 3657 629 3710 der
653 3657 714 3709 Ber.
739 3656 769 3708 in
794 3655 901 3708 Griech.
926 3674 952 3709 u.
976 3656 1061 3720 Rom,
1085 3656 1112 3724 Ι,
1138 3659 1189 3710 104
1215 3663 1243 3712 et
1267 3658 1302 3712 A.

146 3747 333 3813 Schaefcrum,
347 3747 379 3813 11,
393 3746 452 3800 429.
488 3746 529 3798 De
543 3745 736 3798 Demosthenis
750 3743 919 3821 orationibus
932 3744 1012 3811 XIV,
1026 3743 1301 3812 xv.,xvr.‚xxl11.

146 3835 217 3888 dixit
241 3835 381 3903 Ditgesius
406 3834 434 3886 in
460 3850 556 3902 progr.
586 3833 642 3886 eius
670 3849 776 3901 gymn,
808 3829 881 3898 quod
906 3835 1023 3884 vocatur
1049 3847 1102 3898 „an
1125 3831 1302 3896 Mareellen“,

146 3923 275 3976 Coloniae
296 3923 371 3987 1878,
389 3938 417 3988 p.
436 3921 452 3972 5
471 3937 532 3987 eq.
547 3937 567 3972 r.
604 3918 642 3973 of.
661 3919 741 3984 Plut,
760 3918 847 3979 Dem,
867 3919 899 3969 12
917 3913 966 3980 τὴν
985 3914 1054 3986 πρὸς
1072 3920 1216 3970 Φίλιππον
1233 3915 1303 3990 iulo

144 4015 199 4062 τῶν
219 4004 351 4074 Ἑλλήνων
374 4007 571 4076 δικαιολογίαν.
642 4007 670 4075 8)
689 4005 729 4060 Cf.
748 4004 929 4072 Koechlyum,
954 4005 1045 4059 Neues
1068 4005 1198 4060 Schweiz.
1222 4007 1301 4076 Mus,

145 4099 180 4166 11,
204 4115 232 4166 p.
250 4099 267 4150 4
286 4100 315 4150 et
333 4098 375 4162 39,
400 4096 564 4158 Dissenium,
588 4109 617 4162 p.
637 4095 696 4161 145,
719 4092 934 4160 Bruecknerum‚
959 4109 989 4161 p.
1007 4094 1067 4162 314,
1085 4092 1301 4163 Winiewskium,

144 4203 173 4256 p.
192 4187 226 4239 38
245 4188 274 4238 at
291 4185 351 4238 223.
387 4183 498 4249 Justin,
517 4181 566 4250 IX,
585 4183 610 4250 3,
629 4179 662 4250 ἓξ
680 4182 698 4233 4
716 4185 745 4234 et
763 4181 788 4233 5.

1044 4283 1076 4337 2*

1460 3995 1486 4096 l
