2954 4824
163 347 204 408 42

163 516 338 598 quidquam
371 514 534 599 displicet,
570 515 740 581 dummodo
770 538 827 600 pro
857 505 953 581 odron
984 516 1143 582 scribatur
1173 505 1282 595 οὗτος,

162 637 275 701 neque,
297 618 383 700 quod
405 624 502 702 caput
524 626 586 698 est,
614 620 686 700 quis
712 619 841 683 tandem
873 620 971 684 verba
1001 640 1041 684 ex
1063 620 1282 686 Androtiouea

163 729 291 804 sumpta
313 720 377 784 illis
400 721 632 785 additamentis
655 721 758 802 iisque
781 722 958 804 aptissimis
973 741 1077 804 neque
1092 722 1192 785 ullum
1217 722 1283 785 bia-

162 831 227 887 tum
253 823 400 886 vitiosum
424 823 650 906 praebentibus
674 844 792 906 augere
815 825 965 907 potuerit,
988 826 1037 888 vir
1059 825 1112 888 ille
1135 824 1284 889 ostendit.

162 955 163 962 .
248 922 406 1001 Quoniam
436 923 614 989 abiudicari
646 945 708 987 non
731 944 826 1007 posse
855 926 943 989 illam
976 933 1099 1008 partem
1124 948 1144 989 a
1167 927 1283 990 Demo-

163 1025 273 1090 sthene
296 1025 521 1108 demonstravi,
544 1032 643 1090 restat
660 1033 693 1089 ut
712 1045 874 1108 quaeram,
897 1036 1001 1090 utrum
1027 1027 1124 1109 priori
1146 1028 1179 1090 in
1203 1048 1284 1090 oom-

162 1129 328 1193 mentariis
358 1129 489 1193 relictae
525 1129 660 1192 orationi
692 1131 732 1192 ari
767 1129 935 1211 posteriori
965 1130 997 1192 in
1025 1149 1124 1193 causa
1155 1129 1285 1194 habitae

161 1229 332 1294 tribuenda
362 1232 411 1295 sit.
460 1228 550 1307 Quae
581 1249 631 1294 res
662 1251 724 1294 non
752 1231 858 1295 facilis
888 1233 931 1295 ad
954 1214 1196 1296 diiudicandum
1228 1241 1285 1312 est,

161 1339 337 1416 propterea,
360 1333 445 1412 qnod
461 1332 582 1395 nullum
598 1331 712 1414 locum,
735 1352 797 1413 quo
819 1332 988 1397 desolatis
1011 1332 1061 1397 vel
1077 1354 1146 1412 ,non
1171 1333 1283 1396 solutis

161 1435 308 1518 pecuniis
323 1434 395 1517 illis,
418 1435 588 1516 dequibus
605 1434 735 1518 saepius
755 1434 902 1513 diximus,
925 1434 1098 1516 quidquam
1116 1435 1284 1516 iudicetur,

160 1537 218 1601 illa
240 1536 338 1601 verba
354 1538 523 1600 continent.
569 1541 672 1618 Atque
696 1537 793 1620 priori
809 1537 938 1618 quidem
954 1538 1090 1601 orationi
1112 1537 1170 1601 illa
1186 1537 1284 1602 verba

161 1639 341 1703 tribuerunt
369 1639 559 1704 Sciraeferus
583 1646 615 1702 et
637 1638 794 1720 Blassius,
825 1659 888 1702 non
915 1639 1018 1702 solum
1041 1647 1170 1723 proptor
1193 1640 1281 1703 illum

161 1741 330 1804 transitum
355 1739 492 1826 (5187.)
516 1746 710 1824 suspectum,
741 1741 781 1804 de
812 1759 873 1821 quo
903 1759 1000 1824 supra
1025 1741 1195 1823 disputavi,
1227 1741 1282 1805 sed

161 1845 258 1907 etiam
282 1843 380 1907 aliam
404 1844 443 1907 ob
468 1861 613 1921 oausam,
644 1862 727 1923 quae
758 1843 845 1925 apud
875 1850 1043 1925 utrumque
1073 1844 1203 1908 diversa
1227 1850 1283 1908 est.

162 1944 352 2010 Schaeferus
375 1945 466 2025 enim,
489 1950 658 2028 postquam
680 1945 856 2009 Androtion
880 1947 1032 2029 pecunias
1048 1945 1174 2010 aerario
1198 1945 1282 2010 debi-

161 2055 211 2113 tas
245 2048 409 2126 solvisset,
441 2048 562 2111 nullum
590 2049 654 2111 iam
685 2048 788 2112 locum
818 2048 989 2113 invehendi
1017 2049 1050 2111 in
1081 2068 1153 2111 eum
1183 2048 1282 2112 tuisse

160 2155 260 2233 putat,
288 2150 373 2232 quod
397 2169 506 2212 verum
529 2169 600 2212 esse
624 2149 769 2214 Blassius
792 2158 823 2214 et
847 2151 974 2232 quidem
998 2149 1117 2232 optimo
1140 2151 1209 2214 iure
1232 2169 1282 2212 ne-

160 2259 225 2334 gat,
246 2251 322 2333 quia
338 2251 497 2315 Diodorus
508 2251 736 2317 Androtionem
752 2253 857 2336 ipsum
873 2272 969 2315 unum
987 2252 1126 2316 omnium
1143 2251 1282 2314 maxime

161 2356 260 2440 petiit.
298 2355 441 2419 Blassius
457 2362 563 2419 autem
588 2356 703 2419 rectius
726 2375 765 2420 ea
790 2354 912 2419 ratione
936 2356 1055 2431 nititur,
1079 2355 1164 2436 quod
1180 2353 1200 2439 ξ
1217 2356 1282 2418 197.

160 2479 208 2543 ea,
239 2476 323 2540 quae
353 2457 417 2520 iam
448 2460 551 2534 §162
575 2458 771 2542 explanavit,
802 2459 930 2541 repetit,
958 2457 1054 2538 idque
1085 2458 1179 2540 quasi
1209 2476 1283 2520 non-

160 2563 235 2626 dum
267 2562 394 2625 omnino
425 2581 495 2624 eam
534 2581 599 2625 rem
630 2561 780 2641 tetigerit.
836 2559 939 2636 Quam
969 2561 1009 2624 ob
1040 2580 1105 2624 rem
1136 2559 1282 2623 Blassius

160 2672 261 2728 totam
285 2665 373 2728 illam
397 2669 521 2747 partem
544 2663 618 2726 inde
641 2685 660 2727 a
685 2661 704 2748 ξ
723 2656 1020 2746 16011111101111111)
1040 2669 1115 2738 -ἕ
1138 2663 1192 2725 187
1218 2681 1281 2726 una

161 2788 229 2832 oum
254 2766 515 2832 antecedentibus
546 2764 817 2830 commentariolis
846 2765 943 2848 priori
971 2764 1106 2829 orationi
1130 2765 1162 2826 in
1186 2783 1283 2828 cansa

159 2891 222 2934 non
243 2869 374 2933 habitae
390 2868 542 2950 attribuit,
566 2868 663 2932 verba
688 2875 793 2932 autem
816 2870 921 2948 5187.
944 2862 1019 2931 nida
1042 2858 1135 2931 o’lu
1151 2866 1197 2942 ὠς
1219 2867 1280 2950 μὲν

160 2963 224 3036 oo’x
257 2963 448 3055 ἀσύμφορος
475 2991 562 3054 seqq.
593 2991 655 3033 non
686 2970 747 3053 ipsi
772 2969 968 3033 conclusioni
998 2969 1283 3051 argumentationis

160 3073 195 3155 (ξ
215 3074 310 3158 itta),
342 3074 398 3137 sed
422 3074 518 3137 verbo
549 3071 567 3157 ξ
588 3077 666 3154 1111,
697 3072 782 3153 quod
805 3077 854 3136 est
876 3063 1109 3156 λυσιτελήσειν,
1134 3070 1283 3150 adnectit,

160 3177 244 3258 quod
268 3177 360 3240 aliter
383 3176 488 3240 facere
519 3196 580 3238 non
604 3181 717 3257 potest,
748 3173 811 3238 nisi
840 3175 958 3238 inserto
982 3174 1163 3256 enuntiato,
1195 3173 1283 3237 cuius

160 3278 350 3343 sententiam
373 3277 422 3341 his
445 3278 552 3342 verbis
575 3277 692 3340 reddit:
717 3277 769 3340 lch
792 3276 943 3340 wundere
964 3276 1057 3357 mich,
1080 3295 1148 3339 was
1171 3295 1205 3340 cr
1228 3295 1284 3338 anr

159 3381 391 3463 Verteidigung
413 3399 512 3462 sagon
537 3380 626 3444 wird.
676 3377 736 3455 qui
760 3399 857 3460 quam
885 3378 976 3442 falsis
998 3378 1050 3442 vel
1072 3376 1151 3441 nihil
1174 3377 1282 3442 valen-

159 3485 243 3547 tibus
259 3503 299 3548 ex
315 3483 492 3547 rationibus
508 3483 549 3545 ad
566 3482 645 3546 illud
662 3481 861 3565 probandum
879 3481 1040 3563 profectus
1056 3481 1106 3561 sit,
1128 3481 1281 3561 qnoniam

160 3587 432 3670 supradiximus,
462 3604 552 3661 nunc,
582 3584 753 3648 dummodo
777 3583 1062 3665 argumentationis
1091 3582 1145 3646 fini
1175 3583 1283 3662 verba,

161 3696 340 3770 quaesunt
367 3682 411 3764 ὡς
433 3689 495 3770 μὲν
517 3679 607 3771 (οὖν)
631 3677 694 3751 οὐκ
719 3678 911 3770 ἀσύμφορος
934 3703 1031 3766 seqq,
1062 3685 1281 3765 adnectantur,

160 3809 269 3854 carere
299 3811 358 3853 nos
387 3809 480 3872 posse
510 3788 565 3852 illo
597 3787 767 3851 aBlassio
798 3789 916 3851 inserto
946 3787 1111 3851 enuntiato
1141 3785 1281 3850 indicare

161 3892 239 3957 satis
264 3892 424 3974 habemus.

247 3997 359 4076 ltaque
390 4015 459 4058 cum
484 3992 656 4058 Sohaelero
680 3993 787 4075 verba,
814 3997 994 4073 quaesunt
1025 3985 1068 4068 ὡς
1097 3991 1157 4075 μὲν
1188 3977 1279 4076 (οὖν)

160 4090 222 4164 οὐκ
239 4089 432 4180 ἀσύμφορος
448 4115 535 4178 seqq.
556 4093 842 4178 argumentationis
857 4093 1051 4159 conclusioni
1068 4093 1280 4176 adiungimus,

160 4221 266 4282 neque
290 4202 458 4290 quisquam
483 4200 553 4280 erit,
576 4198 662 4282 quin,
685 4217 782 4278 quam
806 4198 887 4261 bene
902 4196 1000 4266 verba
1023 4216 1093 4266 sese
1109 4196 1281 4284 excipiant,
