2988 4820
811 429 835 441 ll

732 444 908 502 ..3422

234 606 405 668 Arethusius
424 607 514 665 frater
534 607 670 664 multatus
691 612 762 676 erat,
781 607 904 662 solutum
924 607 957 660 iri
976 606 1173 676 spopondisse.
1211 604 1252 660 At
1271 592 1412 662 adversa:

234 721 304 775 rium
325 736 355 774 re
375 736 444 774 vera
462 717 532 772 illud
551 715 740 785 spopondisse
760 715 836 769 nullo
856 715 1016 770 testimonio
1035 714 1256 769 demonstratur.

322 826 471 894 Reliquum
491 828 544 893 est,
563 828 596 877 ut
615 822 807 878 examinemus

477 1006 526 1068 10.
562 1004 882 1086 Argumentationem
907 1003 1057 1066 orationis
1080 1001 1166 1066 LIX.

323 1164 413 1218 Aetor
432 1179 467 1218 ea
486 1180 503 1218 a
522 1162 663 1217 iudicibus
681 1161 887 1230 impetraturus
907 1165 959 1230 est,
977 1165 1010 1214 ut
1022 1161 1134 1214 Neaera
1148 1160 1347 1229 venumdetur,
1367 1160 1411 1214 ita

234 1271 356 1341 quidem,
376 1277 408 1325 ut
428 1271 468 1325 eis
487 1268 663 1340 persuadere
686 1268 803 1322 studeat
823 1265 999 1334 Stephanum
1018 1267 1166 1333 Neaeram,
1192 1266 1338 1320 mulierem
1357 1283 1410 1334 pe·

218 1378 387 1448 regrinam,
406 1377 434 1430 in
449 1375 626 1431 matrimonio
645 1374 752 1430 habere
772 1375 814 1445 (ἐξ
828 1375 862 1427 13
876 1379 905 1427 et
919 1373 999 1440 16r1).
1027 1373 1116 1426 Recte
1128 1371 1215 1440 igitur
1229 1379 1327 1428 orator
1341 1381 1410 1428 ante

234 1485 328 1540 onmia
347 1484 401 1539 sibi
419 1483 600 1564 probandum
620 1498 683 1536 esse
704 1487 803 1536 oenset
820 1482 960 1556 Neaeram
987 1494 1017 1532 re
1042 1494 1112 1533 vera
1131 1479 1313 1546 peregrinam
1335 1496 1409 1535 esse.

234 1590 390 1646 Confirmat
410 1591 483 1645 enim
502 1589 671 1644 testimoniis
684 1589 824 1642 Neaeram
844 1588 881 1643 ab
900 1587 980 1640 initio
993 1585 1145 1640 Nicaretae
1164 1588 1300 1654 (seruam)
1319 1585 1408 1642 fuisse

233 1699 276 1770 (§§
290 1698 416 1766 20-23),
436 1697 479 1752 bis
499 1696 621 1750 veniisse
641 1701 671 1749 et
690 1711 793 1763 eorpus
807 1711 887 1749 suum
903 1693 1064 1748 vendidisse
1084 1691 1331 1763 (§§24-34,108,
1350 1709 1407 1761 qua

234 1804 249 1876 ξ
269 1804 433 1858 testimonia
452 1803 671 1872 desiderantur),
691 1820 709 1855 u
741 1802 924 1871 peregrinam
938 1817 1032 1855 eoram
1045 1798 1229 1869 polemareho
1243 1800 1407 1855 vadimonio

234 1911 392 1980 obligatam
411 1909 498 1966 fuisse
519 1911 546 1978 (ξ
565 1911 620 1980 40).
658 1911 699 1964 At
718 1909 826 1978 dubito,
853 1925 918 1963 uum
938 1908 1046 1963 iudices
1064 1906 1139 1976 inde,
1165 1907 1243 1976 qrrod
1262 1923 1312 1962 rea
1332 1925 1406 1963 seor-

196 1995 203 2012 *
234 2023 293 2073 tum
312 2016 374 2086 fuit,
399 2018 588 2083 concluserint
613 2033 675 2071 eam
701 2015 882 2085 peregrinam
902 2030 974 2082 esse,
999 2029 1171 2083 quamquam
1190 2013 1218 2067 id
1239 2013 1301 2068 fieri
1320 2031 1406 2084 posse

235 2130 331 2179 orator
351 2124 507 2179 arbitratur
526 2125 553 2194 (ᾗ
567 2123 634 2177 108:
654 2122 709 2174 siro
727 2117 776 2189 τὴν
792 2117 919 2188 τοιαύτην
929 2128 972 2174 καὶ
993 2121 1147 2195 περιφανῶς
1165 2122 1337 2193 r'yrroran'rpr
1355 2119 1406 2175 ὑπὸ

233 2227 342 2288 πάντων
360 2230 408 2300 γῆς
424 2230 554 2304 περίοδον
574 2234 752 2304 εἷργασμέιην
770 2236 915 2300 spararemus
935 2225 1017 2297 ἀστὴν
1035 2229 1137 2298 simtu).

322 2336 370 2405 Iis,
389 2351 464 2406 quae
483 2335 549 2391 inde
569 2337 663 2407 a850
676 2343 853 2406 enarrantur,
871 2337 990 2406 primum
1005 2337 1215 2392 demonstratur
1228 2336 1404 2406 Stephanum

233 2442 332 2498 Phano
352 2452 384 2496 ut
407 2440 493 2496 filiam
520 2457 598 2496 suam
625 2441 732 2497 civibus
751 2442 974 2498 Atheniensibus
997 2443 1025 2497 iu
1050 2444 1256 2497 matrimonium
1284 2443 1406 2499 dedisse.

233 2548 346 2604 Deinde
367 2548 487 2618 seriptor
507 2535 643 2602 orationis
662 2549 736 2602 LIX.
756 2556 855 2618 sperat
874 2550 982 2605 iudices
1008 2550 1042 2604 iis
1066 2549 1169 2604 addnei
1194 2566 1296 2620 posse,
1321 2557 1355 2605 ut
1379 2556 1407 2604 et

233 2657 373 2711 Neaeram
392 2654 573 2723 peregrinam
587 2671 650 2710 etse
671 2655 717 2723 (ef.
731 2656 747 2727 ᾗ
761 2657 810 2711 49:
829 2653 965 2728 βούλομαι
984 2653 1009 2709 d'
1031 2651 1097 2728 ipo*
1108 2662 1151 2708 καὶ
1167 2651 1251 2710 αὐτὸν
1262 2660 1408 2727 Σιέᾳαιιοιι

231 2767 337 2817 τουτονὶ
366 2761 496 2822 ἐπιδεῖξαι
524 2758 807 2835 καταμεμαρτυρηκότ’
836 2759 915 2829 αὐτῆς
941 2757 975 2822 ὡς
1000 2763 1055 2815 ἔστι
1079 2765 1147 2828 ξένη)
1171 2767 1200 2816 et
1225 2761 1325 2816 Phano
1351 2779 1405 2819 non

234 2866 372 2937 Stephani
392 2883 428 2921 ex
447 2881 536 2920 uxore
550 2866 727 2936 Atheniensi,
748 2869 799 2924 sed
814 2870 943 2924 Neaerae
956 2885 1019 2924 esse
1032 2869 1159 2923 iudicent
1174 2867 1219 2936 (ef.
1234 2870 1266 2940 ἓξ
1279 2871 1405 2939 62-63).
1472 2889 1473 2920 ;

232 2975 343 3030 Etenim
364 2974 533 3029 testimoniis
552 2976 691 3044 probatur
710 2975 808 3031 Phano
829 2993 845 3030 a
866 2977 971 3030 maritis
990 2977 1181 3046 peregrinam,
1200 2976 1217 3030 i.
1229 2992 1253 3031 e.
1265 2977 1403 3045 Neaerae,

233 3097 287 3136 nee
306 3097 374 3136 vero
395 3080 533 3150 Stephani
554 3097 589 3135 ex
609 3082 670 3136 eive
690 3081 775 3137 tiliam
795 3083 921 3138 habitam
943 3063 1020 3138 esse.¹
1046 3085 1150 3138 Narrat
1169 3088 1264 3137 autem
1285 3084 1402 3152 primum

231 3187 318 3243 haee:
350 3187 496 3256 Phrastor,
516 3186 585 3242 civis
604 3187 797 3257 Atheniensis,
817 3189 861 3242 oui
875 3187 1038 3257 Stephanus
1051 3188 1149 3242 Phano
1169 3193 1201 3242 nt
1219 3205 1301 3243 snam
1320 3187 1402 3252 tiliam

231 3294 260 3347 in
280 3293 485 3347 matrimonium
504 3293 633 3363 dederat,
653 3309 778 3362 uxorem,
805 3310 866 3347 eum
894 3309 955 3362 eam
982 3294 1106 3348 moribus
1125 3295 1267 3349 meretrici
1286 3294 1402 3348 similem
1472 3271 1473 3302 ³

232 3416 296 3456 esso
316 3399 559 3455 animadverteret
578 3416 631 3454 neo
651 3398 790 3469 Stephani
816 3416 851 3454 ex
878 3401 938 3454 eiro
963 3415 1061 3468 uxore,
1087 3399 1138 3454 sed
1164 3401 1293 3455 Neaerae
1320 3399 1401 3455 filiam

232 3523 295 3562 esse
316 3506 502 3576 comperisset
522 3509 548 3577 (S
567 3508 622 3576 51),
642 3523 677 3561 ex
697 3505 780 3560 doaso
800 3523 852 3560 sua
872 3507 956 3561 eieoit
975 3512 1005 3561 et
1024 3506 1208 3576 Stephanum,
1228 3524 1316 3577 aquo
1337 3509 1401 3562 dote

232 3631 288 3668 non
308 3613 422 3668 reddita
441 3613 515 3682 δίκης
533 3621 607 3667 σίτου
626 3628 691 3667 reus
710 3613 804 3667 faetus
830 3620 906 3682 erat,
930 3613 958 3667 in
983 3613 1027 3668 ius
1052 3613 1175 3683 vaeavit,
1201 3615 1278 3682 qnod
1304 3615 1401 3669 Phaon

232 3726 264 3775 ut
283 3737 362 3776 suam
381 3719 467 3775 filiam
486 3722 635 3776 eloeasset.
673 3721 763 3774 Paulo
783 3727 850 3789 post
867 3719 1039 3789 Stephanus,
1059 3737 1121 3773 rum
1139 3736 1170 3774 se
1191 3720 1351 3775 convictum
1370 3721 1401 3774 iri
1472 3719 1473 3764 l

231 3826 422 3895 intellegeret,
434 3843 496 3882 eum
504 3827 658 3882 Phrastore
669 3832 770 3897 paetus
782 3832 834 3896 est,
845 3832 877 3881 ut
888 3832 1007 3896 uterque
1018 3827 1095 3881 litem
1106 3827 1218 3882 tolleret
1228 3827 1400 3898 (ἕξω-54).

232 3932 302 3987 Cum
321 3929 458 3986 Phrastor
477 3932 572 4003 filium,
592 3949 676 4002 quem
696 3949 766 3987 uxor
787 3933 905 4001 expulsa
923 3938 1086 4002 pepererat,
1106 3933 1296 4002 adoptaturus
1316 3938 1398 4000 esset,
1472 3949 1473 4004 ι

320 4102 340 4170 ¹)
360 4100 434 4155 Vide
454 4101 488 4155 A.
509 4100 653 4156 Sohaefer.
674 4101 693 4160 1.
711 4102 728 4155 l.
748 4117 838 4170 pagg.
859 4101 910 4154 179
936 4117 1046 4169 proxx,
1073 4103 1165 4155 Lortn.
1185 4101 1201 4154 l.
1221 4102 1237 4155 1.
1258 4118 1347 4170 pagg.
1364 4100 1397 4153 44

228 4205 340 4260 ριοιιιι.,
360 4189 473 4243 Darest.
493 4191 511 4248 l.
530 4191 547 4243 l.
568 4190 604 4258 ll,
623 4205 711 4258 pagg.
731 4190 784 4244 309
802 4205 912 4257 proxx,
935 4189 1026 4243 Blass.
1046 4189 1063 4247 l.
1083 4185 1100 4248 l.
1118 4205 1208 4259 pagg.
1226 4191 1279 4245 476
1297 4205 1395 4259 proxx.
