2954 4824
175 357 239 420 ,rt

198 543 326 609 quoquo
348 526 444 592 modo
466 545 505 592 ea
528 547 580 594 res
602 546 637 593 se
660 526 769 611 habet,
791 527 873 592 satis
895 531 944 592 est
966 525 1219 611 demonstrasse,
1246 532 1321 610 tum,

198 646 269 693 cum
300 647 339 694 ea
367 627 466 694 verba
496 629 616 714 scripta
645 633 734 711 sunt,
763 628 994 696 Androtiouem
1025 628 1158 711 eiusque
1193 627 1322 696 sodales

198 730 324 798 aerario
348 730 495 797 debuisse
516 730 672 817 pecunias
693 731 863 814 quasdam.
1214 781 1218 794 .

274 833 385 898 Altera
408 834 562 917 prooemii
584 833 753 919 particula,
775 853 858 916 quae
881 833 930 898 his
953 832 1058 899 verbis
1080 833 1193 918 incipit
1216 832 1251 920 (ξ
1267 832 1324 918 6.);

199 935 255 1001 ἵνα
282 928 310 1002 6⁹
322 930 417 1020 ὑμῶν
446 937 559 1022 μηδεὶς
589 933 744 1021 θαυμάζῃ
772 937 807 1006 τί
838 932 877 1022 δή
908 927 985 1002 ποτ)
1008 933 1072 1021 ἐγώ
1093 937 1247 1022 μετρίως,
1279 932 1324 1013 ὡς

198 1030 227 1124 y’
240 1036 386 1124 ἐμαυτὸν
407 1040 529 1118 πείθεο,
552 1037 615 1105 τὸν
639 1032 743 1104 Maon
760 1035 887 1123 χρόνον
901 1031 1073 1121 βεβιωκώς
1087 1042 1149 1104 νῦν
1165 1037 1202 1104 ἐν
1217 1032 1325 1125 ἀγῶσι

199 1142 257 1206 καὶ
287 1154 430 1226 γραφαῖς
466 1142 637 1228 δημοσίαις
667 1138 882 1234 ίξετοίζομαιη
911 1134 1079 1226 βούλομαι
1109 1138 1212 1227 μικρὰ
1239 1139 1326 1228 πρὸς

199 1238 284 1329 ὑμᾶς
306 1244 425 1311 εἰπεῖν·
451 1241 541 1310 ἔσται
564 1245 600 1311 δὲ
621 1237 716 1310 ταῦτ’
740 1236 804 1310 οὐκ
827 1236 896 1310 ἀπὸ
919 1240 1201 1330 τοῦπράγματος,
1225 1253 1326 1329 actor,

200 1366 285 1429 quae
308 1367 408 1413 causa
431 1348 491 1414 sibi
515 1367 586 1412 cum
609 1347 808 1414 Androtione
835 1348 1074 1414 inimicitiarum
1101 1347 1325 1430 intercesserit,

199 1450 242 1514 ad
258 1450 396 1520 iudicum
413 1449 665 1517 misericordiam
687 1452 884 1535 captandam
900 1452 1014 1536 paneis
1030 1449 1182 1535 explicat.
1219 1449 1325 1528 Quam

198 1553 430 1636 digressionem
466 1553 509 1618 ad
542 1555 647 1638 ipsum
682 1554 811 1638 proprie
844 1554 1057 1639 pertinentem
1088 1553 1249 1619 concludit
1279 1553 1325 1620 sic

199 1655 232 1742 (ξ
248 1657 302 1741 8.);
324 1649 434 1743 ἦλθον
457 1648 508 1722 ἐπ’
532 1647 638 1723 αὐτὸν
659 1649 728 1741 μετ’
745 1647 975 1742 Εὐκτήμονος,
998 1650 1184 1778 ίηγούμενος
1204 1649 1324 1741 ἁρμότ-

198 1750 290 1824 τοντ>
314 1759 487 1884 εἰληφέναι
514 1756 633 1843 καιρὸν
663 1763 726 1824 τοῦ
756 1761 925 1845 βοηθῆσαί
948 1749 1015 1824 θ’0
997 1783 1125 1844 αμα]
1083 1761 1125 1842 τη
1148 1755 1247 1824 πόλει
1269 1759 1325 1823 καὶ

198 1856 414 1947 τιμωρίαν
397 1863 484 1964 vaip
521 1851 570 1926 ὧν
605 1858 811 1929 ἐπεπόνθειν
847 1865 971 1942 λαβεῖν.
1015 1863 1223 1947 βουλοίμην
1241 1852 1325 1925 δ’ίίν

201 1963 258 2048 ἐμέ
271 1988 307 2029 τε
323 1979 436 2048 τυχεῖν
451 1965 501 2030 ὠν
516 1961 691 2048 βούλομαι
706 1961 835 2031 τοῦτόν
854 1989 892 2030 τε
907 1965 1074 2030 παθεῖν
1049 1988 1100 2029 εον
1118 1959 1209 2045 οίξιός
1224 1962 1323 2041 ἐστιν,

201 2087 285 2151 quae
300 2068 399 2134 verba
415 2069 534 2153 scripta
550 2087 630 2151 esse,
645 2073 819 2151 antequam
831 2067 1006 2136 Androtion
1023 2068 1178 2152 pecunias
1194 2073 1324 2134 cunetas

200 2170 327 2236 aerario
349 2171 553 2255 persolveret,
576 2176 661 2237 recte
684 2170 831 2235 Blassius
854 2169 989 2254 collegit.

285 2271 401 2337 Statim
430 2279 503 2356 post
533 2272 618 2337 hano
646 2269 877 2356 digressionem
907 2277 1014 2338 orator
1044 2271 1184 2338 mediam
1214 2271 1247 2336 in
1280 2269 1325 2336 rei

200 2375 418 2440 narrationem
444 2374 559 2458 ,incidit
596 2373 646 2439 his
676 2374 794 2441 verbis:
827 2378 891 2441 τοῦ
922 2375 958 2442 δὲ
988 2369 1183 2460 πράγματος
1214 2362 1325 2439 οὐκέτ’

200 2472 301 2554 ὄντος
325 2470 610 2564 ἀμφισβητησίμου
633 2497 720 2561 seqq.
765 2478 878 2561 Neque
901 2478 986 2547 enim
1001 2477 1115 2559 verbis,
1138 2495 1222 2559 quac
1239 2482 1325 2540 ante

200 2580 332 2664 cedunt,
365 2581 502 2666 priorem
537 2587 660 2665 partem
693 2580 904 2662 narrationis,
938 2599 1023 2663 quae
1053 2578 1159 2645 verbis
1188 2581 1267 2657 ,τοῦ
1292 2575 1326 2642 δὲ

200 2675 396 2769 πράγματος
424 2675 660 2760 ουκίτ’όντος
682 2687 781 2766 seqq‘
811 2684 1019 2765 continuetur,
1049 2681 1202 2748 contineri
1233 2679 1326 2746 nohis

200 2787 396 2871 persuadere
412 2807 590 2871 possumus,
613 2787 690 2869 quia
706 2786 815 2870 verba,
838 2805 921 2868 quae
937 2792 1010 2850 sunt
1025 2769 1164 2869 ἧλβον’
1151 2775 1202 2850 ευτ’
1219 2776 1327 2850 αυτὸν

200 2913 261 2975 μετ
261 2882 502 2974 Ἐὐκτήμονος
524 2910 587 2955 non
610 2894 733 2956 tantum
758 2889 801 2952 ad
824 2889 963 2973 primum
978 2888 1182 2954 Euctemonis
1204 2896 1237 2952 et
1254 2888 1326 2952 Dic

201 2992 303 3058 dori
294 3013 327 3056 sn
343 2992 571 3062 Androtionem
587 2993 742 3076 impetum
757 2998 912 3077 spectant,
932 2991 988 3059 sed
1005 3010 1075 3056 cum
1090 2990 1133 3054 ad
1148 2991 1326 3070 universas,

202 3114 283 3177 quas
306 3094 354 3158 illi
376 3094 566 3160 Androtioni
588 3094 806 3176 intenderunt,
828 3085 987 3176 actiones,
1018 3099 1085 3158 tum
1112 3091 1254 3158 maxime
1283 3091 1325 3155 ad

200 3197 423 3281 novissimam,
447 3217 544 3279 quam
568 3197 600 3262 in
624 3197 828 3262 Timocrates
858 3194 1003 3262 oratione
1025 3195 1149 3260 institui
1171 3193 1325 3262 videmus.

204 3300 294 3378 Quae
324 3299 389 3364 illis
419 3298 527 3364 verbis
549 3299 709 3365 sententia
733 3318 804 3364 eam
827 3298 867 3363 ob
890 3316 957 3363 rem
981 3297 1103 3380 subest,
1126 3297 1203 3379 quia
1228 3297 1325 3362 verba

202 3403 347 3489 proxime
362 3402 576 3484 insequentia,
599 3421 683 3483 quae
699 3407 773 3466 suut
787 3401 973 3485 βουλοίμην
989 3390 1018 3466 δ’
1032 3392 1073 3464 ἂν
1092 3397 1148 3484 ἐμέ
1162 3417 1199 3465 τε
1214 3411 1325 3484 τυχεῖν

202 3495 251 3570 ὧν
274 3500 448 3589 βούλομαι,
471 3498 598 3570 τοῦτόν
619 3527 657 3568 τε
676 3508 803 3570 παθεῖν
826 3492 875 3568 ὧν
900 3495 990 3584 ίίξιός
1012 3500 1113 3582 ἐστιν,
1134 3501 1177 3566 ad
1193 3520 1324 3568 causam

202 3609 363 3692 pertinent
384 3603 603 3672 novissimam.
652 3607 694 3671 lit
716 3612 824 3670 tamen
847 3612 956 3670 orator
976 3605 1023 3670 ita
1045 3605 1166 3689 pergit:
1197 3607 1262 3670 τοῦ
1292 3604 1325 3670 δὲ

202 3705 402 3796 πράγματος
424 3699 536 3775 οὐκέτ’
560 3701 659 3785 ὄντος
682 3701 985 3794 ἀμφισβητησίμου,
1008 3726 1090 3790 quae
1115 3707 1216 3774 verba
1231 3708 1325 3774 habe

202 3820 286 3894 rent,
316 3833 379 3894 quo
403 3813 602 3895 referrentur,
633 3813 660 3876 si
682 3811 763 3876 illud
785 3797 912 3897 ,ἦλθον
935 3803 986 3876 ἐπ’
1009 3803 1130 3876 αὐτόν’
1159 3810 1325 3894 deprimo

202 3914 423 3980 tantummodo
446 3914 612 3979 Diodori'
603 3936 636 3981 m
660 3914 889 3982 Androtionem
912 3914 1032 3998 impetu
1060 3913 1093 3977 in
1093 3913 1325 3995 t·ellege1entur,

204 4017 289 4101 quod
312 4025 441 4102 proptc1
463 4017 570 4096 verba,
592 4035 676 4100 quac
698 4022 881 4100 sequnntur,
903 4016 1104 4136 ,βουλοίμην
1120 4005 1180 4080 δ”“
1162 4039 1203 4079 αν
1219 4014 1276 4098 ἐμέ
1289 4038 1323 4079 τε

203 4134 315 4206 τυχεῖν
338 4119 387 4185 οόν
408 4116 585 4204 βούλομαι,
607 4123 735 4186 τοῦτον
757 4143 793 4184 τε
815 4124 942 4184 παθεῖν
963 4117 1012 4183 ὠν
1029 4111 1118 4200 ίίξιός
1132 4114 1237 4182 ἐστιν(
1258 4115 1323 4184 fieri

203 4225 322 4308 nequit
366 4225 425 4309 An,
448 4241 531 4306 quac
554 4223 661 4308 paullo
683 4229 757 4288 ante
773 4222 815 4286 ad
831 4223 1038 4287 novissimam
1056 4241 1189 4290 causam
1205 4227 1322 4304 specta·
