2998 4826
594 423 770 476 -19.-

82 588 119 640 in
141 586 277 640 iudicium
296 589 415 639 vocatus
435 589 488 638 est.
525 583 557 637 In
577 597 634 652 quo
653 587 685 637 ut
703 587 783 636 actor
801 582 844 651 id,
864 582 941 651 quod
962 582 1065 651 voluit,
1089 583 1265 656 impetraret,

84 693 184 747 tertia
202 691 379 761 potissimum
398 691 533 760 pactione
560 695 656 744 orator
675 690 736 744 sine
755 689 843 744 dubio
868 688 919 743 niti
946 689 1058 758 debuit,
1084 706 1140 745 non
1166 693 1265 762 prima,
1334 733 1338 738 .

87 817 130 855 cx
152 815 210 868 qua
229 798 392 853 Callistrato
413 797 558 854 dimidium
577 795 746 852 hereditatis
764 801 864 866 pctore
884 796 969 850 licere
989 797 1104 864 putavit
1128 797 1175 865 (cf.
1196 799 1211 870 ξ
1230 801 1265 854 32

85 907 151 972 (cll.
172 906 205 976 ἓξ
225 905 241 958 'l
265 913 393 974 proxx.):
421 905 478 973 ἔχει
504 899 585 963 αι’·τός
603 895 717 965 ἃπαντα,
743 898 894 975 ὀμωμοκὼς
916 908 962 956 καὶ
985 899 1118 970 συνθήκας
1141 901 1209 979 πρός
1230 923 1266 978 με

83 1007 277 1083 ποιησάμενος
293 1001 309 1075 ἦ
327 1006 383 1082 μὴν
402 1006 592 1082 ἰσομοιρήσειν.
617 1014 662 1062 καὶ
681 1014 710 1062 αἱ
728 1009 860 1077 συνθῆκαι
879 998 959 1062 αὗται
976 1011 1015 1062 ἔτι
1035 1017 1080 1063 καὶ
1101 1011 1149 1067 νῦν
1166 1019 1267 1068 tritara

83 1115 170 1194 παρὰ
188 1118 226 1187 τῷ
236 1114 444 1192 Ἀνδροκλείδῃ).
464 1117 525 1171 Hac
538 1117 611 1171 enim
625 1121 788 1172 statuerunt
802 1117 981 1172 Callistratus
994 1123 1025 1172 ct
1039 1118 1265 1190 olympiodorus,

84 1233 124 1280 ut
145 1225 271 1280 Cononis
290 1224 367 1278 bona
386 1223 482 1278 statim
501 1229 569 1292 post
588 1229 706 1278 mortem
727 1224 796 1292 eius,
822 1239 878 1278 uon
904 1223 1025 1293 posthac
1045 1240 1166 1294 semper,
1191 1225 1266 1282 inter

75 1343 123 1388 'se
145 1332 332 1402 partirentur,
358 1330 386 1384 id
406 1329 483 1398 quod
506 1331 592 1384 etiam
618 1328 727 1384 lactum
751 1336 809 1403 est3
836 1331 883 1385 illa
909 1337 1004 1386 autem
1030 1331 1066 1385 de
1092 1331 1174 1387 bonis
1199 1339 1266 1402 post

90 1441 176 1494 litem
202 1439 351 1492 obtentam
370 1434 533 1490 dividendis
552 1439 691 1490 statutum
710 1442 762 1494 cst.
801 1436 874 1500 Quid
899 1443 962 1491 crat
987 1438 1081 1506 etiarn,
1107 1455 1157 1492 cur
1175 1446 1265 1509 actor,

89 1547 117 1600 si
137 1545 260 1614 primum
279 1547 395 1612 pactum
414 1542 632 1610 inperpetuum
650 1542 748 1596 valere
769 1545 914 1613 censebat,
933 1544 1049 1598 tertium
1067 1550 1183 1613 paetum
1203 1563 1265 1601 curn

91 1650 263 1706 adversario
292 1649 328 1703 de
357 1647 516 1702 hereditate
545 1647 701 1702 dividenda
728 1649 833 1704 iniret?
876 1650 936 1705 Nec
964 1651 1077 1704 tertiam
1104 1653 1266 1721 pactionem

92 1759 198 1812 initam
212 1772 276 1811 esse
290 1754 452 1809 testimonio
472 1751 662 1812 confirmatur.
687 1754 799 1810 Primus
812 1760 976 1811 contractus
990 1757 1039 1826 qui
1052 1757 1098 1825 sit,
1111 1759 1264 1815 Androolis

91 1864 259 1920 testimonio
288 1864 314 1930 (ἕ
344 1863 377 1916 11
406 1862 440 1919 cl.
468 1864 483 1930 ξ
510 1862 556 1929 32)
590 1861 779 1916 demonstrari
808 1862 1024 1918 concedendum
1049 1864 1164 1920 videtur·
1192 1882 1264 1926 esse.

90 1973 205 2026 Tamen
224 1970 299 2025 duae
318 1974 384 2024 sunt
404 1984 518 2036 causae,
545 1984 595 2022 cur
619 1967 728 2022 iudices
756 1983 888 2023 censeam
914 1969 1073 2038 prohibitos
1098 1987 1170 2042 esse,
1195 1989 1264 2042 quo·

91 2079 188 2132 minus
201 2077 301 2145 actori,
320 2076 397 2145 quod
411 2075 515 2130 attinet
529 2074 566 2128 ad
580 2075 615 2128 70
632 2074 695 2128 illas
714 2075 812 2144 minas,
832 2075 1077 2131 obsecundarent:
1101 2078 1192 2146 prima
1212 2087 1264 2150 est,

94 2185 174 2254 quod
194 2189 290 2240 orator
309 2199 452 2252 nunquam
474 2181 706 2251 olympiodorum
731 2197 794 2236 eam
812 2182 962 2251 possidere
982 2183 1174 2258 demonstrat,
1199 2204 1265 2242 narn

95 2291 176 2360 quod
193 2293 208 2360 ξ
226 2291 261 2345 35
280 2289 363 2344 dicit:
388 2294 434 2342 καὶ
451 2285 522 2358 λόγῳ
543 2284 671 2355 ἀκηκόατε
689 2294 733 2342 καὶ
752 2285 957 2363 μεμαρτύρηται
976 2285 1047 2362 ὑμῖν,
1073 2297 1118 2344 καὶ
1136 2287 1172 2352 ὡς
1190 2282 1267 2353 οὗτος

98 2393 130 2449 τὸ
151 2393 278 2470 ἀργύριον
295 2398 371 2462 ἔλαβε
389 2390 464 2468 παρὰ
483 2395 530 2447 τοῦ
551 2390 697 2468 ἀνθρώπου
715 2394 763 2446 τοῦ
784 2399 893 2458 οἰκέτου,
913 2395 942 2450 id
962 2397 1096 2452 mentitur
1104 2399 1139 2470 ¹);
1166 2401 1265 2471 altera,

98 2502 178 2572 quod
196 2502 389 2557 adversarium
411 2500 582 2556 obicientem
609 2502 663 2556 sibi
682 2502 868 2570 septuaginta
886 2502 949 2557 illas
969 2503 1058 2578 minas
1077 2521 1133 2558 non
1153 2521 1216 2562 esse
1236 2514 1266 2564 et

95 2595 388 2678 llcsehionemsuum
408 2623 478 2664 esse·
491 2623 603 2662 servum
622 2609 649 2677 (ξ
668 2608 714 2676 37)
733 2608 859 2662 refutare
879 2623 914 2662 ne
935 2589 1053 2664 conatur
1073 2589 1196 2679 quidem.

187 2718 266 2782 Quae
284 2732 369 2788 porro
390 2715 609 2785 Olympiodorus
628 2715 783 2783 obiecerat,
811 2715 1005 2774 Callistratum
1023 2717 1185 2785 pactionem
1204 2719 1265 2775 vio·

97 2827 182 2894 lasse,
201 2825 255 2880 sibi
273 2824 389 2878 iniurias
407 2822 538 2878 intulisse
558 2822 689 2891 omnique
708 2823 819 2876 ratione
839 2822 987 2876 adversari
1007 2823 1095 2892 (§38y,
1115 2839 1149 2879 ea
1168 2832 1265 2882 orator

98 2935 138 2988 ita
156 2933 211 2988 sibi
229 2931 342 2986 videtur
355 2930 463 2985 reicere
476 2944 571 2998 posse,
589 2934 622 2982 ut
640 2929 760 2999 primum
775 2929 852 2982 dicat
865 2928 1096 2999 Olympiodcrum
1109 2939 1266 3002 propterea

82 3066 84 3070 s
99 3057 157 3096 rem
167 3038 300 3108 cognatis
313 3043 342 3092 et
355 3035 541 3091 familiaribus
555 3041 587 3090 ut
600 3036 715 3092 arbitris
729 3035 940 3091 diiudicandam
952 3037 1119 3106 permittere
1133 3041 1266 3111 noluisse,

99 3147 175 3217 qrrod
193 3145 335 3213 metuerit,
353 3160 389 3199 ne
410 3145 446 3200 ab
465 3144 519 3198 illis
537 3143 676 3198 mendacii
690 3142 915 3212 convinceretur,
934 3161 1008 3199 nunc
1021 3143 1144 3200 fortasse
1162 3152 1265 3216 putare

99 3271 130 3309 sc
148 3253 176 3308 in
195 3251 299 3308 iudicio
317 3252 501 3306 mentientem
527 3267 582 3304 non
608 3248 816 3318 deprehensum
840 3249 874 3302 iri
900 3250 926 3320 (ᾗ
944 3250 1000 3319 40).
1037 3251 1145 3315 Quibus
1170 3254 1267 3309 verbis

100 3365 195 3415 orator
214 3360 275 3414 sine
294 3359 381 3413 dubio
401 3358 497 3413 dicere
515 3357 606 3412 voluit
625 3362 765 3425 cognatos
785 3361 814 3412 et
826 3353 980 3411 familiares
994 3363 1072 3412 certo
1086 3359 1159 3414 scire
1172 3361 1266 3432 Clym-

100 3466 249 3536 piodorum
266 3465 314 3520 illa
333 3465 454 3520 mentiri.
491 3465 572 3534 Tum,
597 3479 632 3518 ne
652 3468 732 3518 actor
757 3462 922 3518 adversario
948 3465 1091 3520 contraria
1116 3467 1210 3536 egisse
1226 3471 1267 3524 vi·

102 3573 210 3642 deatur,
226 3573 349 3643 scriptor
370 3588 410 3627 or.
429 3571 616 3627 XXXXVIII.
636 3570 783 3626 contendit
808 3586 872 3625 cum
898 3587 955 3625 una
981 3588 1044 3627 cum
1063 3572 1266 3644 Olympiodoro

102 3685 229 3750 sumptus
247 3678 358 3749 fecisse,
384 3677 551 3734 adversario
574 3679 695 3733 absente
720 3682 749 3732 et
774 3678 824 3732 lite
850 3677 955 3732 amissa
981 3678 1092 3733 actione
1112 3679 1267 3755 destitisse,

102 3786 233 3855 tacuisse,
252 3803 315 3841 curu
335 3783 553 3855 olympiodorus
572 3783 739 3839 mentiretur
756 3799 787 3839 se
807 3784 970 3839 Callistrato
990 3789 1019 3840 et
1037 3785 1182 3842 dimidium
1202 3807 1267 3846 sex·

103 3899 246 3948 cantarum
264 3893 374 3948 illarum
394 3890 592 3946 drachmarum
612 3897 740 3945 mutuum
759 3890 873 3945 dedisse
897 3896 926 3945 et
950 3891 1039 3947 aedes
1064 3909 1131 3949 suas
1155 3895 1267 3952 locasse

104 3999 287 4072 <teet—46).
322 3999 442 4053 ibustra
461 3997 647 4067 baouamcs
666 3998 866 4053 testimenium.
897 3997 1097 4068 illudensque
1116 4017 1267 4070 argumen-

188 4161 209 4229 l)
227 4159 288 4214 liisi
306 4157 428 4214 fortasse
447 4157 538 4214 refers
557 4158 629 4213 hacc
647 4157 735 4212 verba
756 4157 793 4211 ad
811 4152 955 4230 πρόκλησιν
972 4159 987 4228 5
1005 4159 1041 4213 34
1059 4159 1184 4216 allatam.
