2954 4824
700 433 878 516 *78³-

199 605 415 692 τέτέλευτήσειεν;Ι
430 617 507 682 LIII.
526 623 552 680 5.
572 623 756 674 έπιστέλλω-
774 611 816 673 ότι
835 652 870 664 -
891 615 1012 692 άνήγμαι
1038 624 1082 673 καὶ
1108 614 1162 691 ούχ
1190 609 1248 680 οἷός
1266 608 1289 676 τ’
1310 625 1382 692 siim

199 733 273 792 LIX.
301 733 344 792 81.
372 735 456 802 λέγων
480 722 522 784 ότι
541 725 589 782 ούκ
607 723 672 802 1ήδει,
693 723 748 781 ἀλλ’
768 729 957 795 έξαπατηθείη;

295 857 358 895 cum
389 837 545 893 infinitivus
576 835 756 892 consociatur
794 852 857 890 cum
887 835 983 891 verbis
1014 835 1113 892 finitis:
1152 839 1184 899 L.
1215 842 1241 898 3.
1274 841 1379 914 δέομαι

199 943 279 1022 ὑμῶν
296 942 423 1002 ἁπάντων
441 945 552 1001 δικαίαν
568 943 666 1012 δέησιν.
687 934 747 996 όσοι
763 943 817 1016 μὲν
834 943 887 998 τῶν
905 944 1072 1018 στρατιωτῶν
1090 947 1145 1000 ἐστὲ
1158 952 1203 1000 καὶ
1213 949 1314 1022 παρῆτε
1325 952 1379 1014 έκερ

197 1052 277 1110 αύτοί
301 1073 330 1108 τε
346 1049 534 1127 ἀναμνήσθητε
560 1057 606 1105 καὶ
627 1081 657 1092 -
678 1046 791 1125 φράζετε
809 1069 853 1094 -·
881 1043 940 1104 όσοι
967 1047 993 1104 δ’
1014 1047 1096 1106 αύτοῖ
1123 1054 1285 1127 ἐπεδημεῖτε,
1315 1056 1377 1132 σιγῇ

105 1167 110 1179 “
196 1185 252 1237 μου
272 1159 400 1226 άκοῖσαις
427 1161 502 1220 LIII.
521 1163 565 1220 24.
584 1154 644 1214 ούτε
662 1155 716 1231 γάρ
735 1159 779 1227 της
796 1155 918 1227 βασάνου
936 1155 1027 1234 κύριος
1045 1158 1193 1234 ἐγιγνόμην
1210 1157 1272 1216 ούτε
1290 1166 1377 1226 καλῶς

195 1273 269 1342 ἔχειν
294 1267 329 1324 τά
351 1265 484 1342 λεγόμενα
509 1264 561 1322 timi
581 1268 640 1348 τῶν
659 1263 812 1340 ἀνθρώπων
830 1269 877 1339 ἐμὲ
895 1273 996 1342 κρίνειν
1002 1291 1011 1334 ,·
1028 1269 1104 1329 LIX.
1122 1271 1167 1330 53.
1185 1266 1268 1340 γνούς
1285 1267 1312 1326 δ’
1332 1265 1376 1326 ότι

193 1375 359 1441 κινδυνεύσει
372 1379 536 1446 ἐξελεγχθεὶς
548 1379 620 1442 ξένης
638 1378 775 1448 θυγατέρα
787 1369 947 1444 ἠγγυηκέναι
962 1380 1008 1428 καὶ
1028 1375 1164 1445 (codices)
1177 1384 1236 1438 ταῖς
1245 1375 1376 1448 ἐσχάταις

194 1492 300 1561 ζημίαις
317 1491 475 1561 περιπεσεῖν,
496 1486 557 1544 107.
579 1478 684 1538 Ούκοῡν
702 1477 794 1539 δεινόν
810 1477 879 1557 πρός
896 1484 949 1554 μὲν
966 1477 1029 1544 τούς
1048 1478 1237 1553 ἀστυγείτονας
1256 1517 1289 1526 -
1302 1478 1373 1540 ούτω
1445 1516 1447 1526 =

191 1593 277 1655 καλῶς
294 1599 339 1648 καὶ
357 1589 475 1668 ἀκριβῶς
490 1593 667 1666 διορίσασθαι
679 1623 720 1654 -,
740 1587 830 1659 τήνδε
849 1591 1004 1665 περιφανῶς
1014 1623 1047 1631 -
1058 1596 1278 1666 πεπορνευμένην
1288 1583 1373 1652 ούτως

192 1701 312 1776 αἰσχρῶς
328 1707 374 1754 καὶ
393 1696 527 1772 ὀλιγώρως
545 1695 641 1762 έάοετε,
674 1701 732 1757 117.
753 1695 852 1754 ούκούν
870 1695 968 1762 δεινόν,
987 1694 1106 1771 τὸνμὲν
1125 1731 1158 1739 -
1178 1699 1276 1756 δοῦναι
1294 1700 1373 1768 δίκην

192 1844 234 1880 -,
254 1813 376 1884 Νέαιραν
393 1807 424 1862 δέ
442 1811 551 1874 ταυτηνὶ
570 1837 603 1846 ——
623 1801 655 1859 ού
675 1801 870 1880 τιμωρήσεσθε;

281 1960 345 1998 cum
363 1941 522 2012 participiis
541 1940 719 2010 respondent
737 1939 828 1996 verba
846 1937 940 1994 finita:
964 1941 1127 2000 XXXXIII.
1147 1943 1190 2002 29,
1215 1937 1368 2015 Θεόπομπο

190 2086 225 2096 -
243 2046 375 2120 εἰμεύσατο
395 2081 429 2090 -
448 2041 490 2103 ότι
508 2083 542 2092 -
561 2055 606 2103 καλ
631 2045 714 2104 πάλιν
735 2043 979 2122 προσποιούμενος,·
1015 2050 1046 2108 L.
1067 2051 1108 2109 l7.
1129 2045 1257 2104 τοιούτων
1274 2055 1369 2106 τοίνυν

189 2181 239 2233 μοι
264 2159 317 2216 τῶν
341 2154 511 2232 πραγμάτων
536 2152 792 2230 συμβεβηκότων-
811 2152 1060 2228 -δανεισάμενος
1085 2152 1137 2226 έγώ
1158 2152 1295 2232 άργύριον
1311 2178 1368 2232 παρ

187 2263 367 2342 Ἀρχεδήμου
387 2297 419 2306 -
441 2265 629 2322 πεντεκαίδεκα
655 2265 728 2338 μνάς
755 2266 886 2328 ἐπίτοκον,
917 2260 1075 2324 ὀκτακοσίας
1093 2265 1123 2318 δὲ
1142 2261 1275 2341 δραχμάς
1293 2261 1366 2340 παρά

189 2381 327 2428 Νικίππου
346 2374 393 2428 τοῦ
414 2370 561 2448 ναυκλήρου
580 2369 706 2430 ναυτικόν
725 2368 878 2444 ἀνειλόμην,-
909 2374 982 2434 LIX.
1003 2377 1045 2432 07.
1064 2368 1133 2426 κατὰ
1152 2368 1185 2440 δή
1203 2373 1302 2429 τοῦτον
1318 2368 1367 2428 τόν

187 2479 275 2555 νόμον
292 2467 428 2557 γράφεται
446 2477 530 2537 αύτόν
547 2475 562 2534 ὃ
579 2477 737 2540 Ἐπαίνετος
754 2486 800 2534 καὶ
819 2475 952 2553 ὡμολόγει
970 2483 1023 2554 μὲν
1040 2480 1161 2554 χρῆσθαι
1179 2479 1209 2554 τή
1221 2476 1363 2554 ἀνθρώπῳ,

187 2586 219 2643 ού
237 2595 333 2664 μέντοι
351 2585 453 2664 μοιχός
470 2607 501 2660 γε
520 2589 596 2644 εἶναι·
616 2584 665 2644 τόν
681 2606 708 2640 τε
727 2584 816 2660 νόμον
834 2591 875 2642 ε’πλ
895 2584 1001 2648 τούτοις
1013 2585 1208 2660 παρεχόμενος,
1238 2591 1299 2647 100.
1321 2593 1364 2640 καλ

186 2692 221 2758 ὡ,-
239 2691 312 2772 ύμᾶς
329 2703 484 2771 πέμπουσιν
502 2693 583 2757 εύθύς
603 2691 717 2766 άγγελον
734 2729 776 2759 -,
796 2701 841 2748 καλ
859 2702 970 2763 βοηθεῖν
986 2691 1128 2757 ἀξιοῦντες.

274 2823 460 2905 Niimcrorum
477 2849 662 2904 commutatio
681 2847 817 2903 occurrit.-
843 2846 960 2902 XXXV.
981 2849 1024 2904 41.
1043 2842 1121 2906 εἰδώς
1138 2843 1172 2899 τὰ
1194 2843 1362 2920 πεπραγμέν’

185 2958 304 3018 ε”αυτοῖςς
331 2957 505 3016 XXXXVH.
524 2957 549 3010 2.
568 2962 612 3009 καλ
632 2952 680 3008 διά
698 2954 778 3008 τοῦτο
797 2955 834 3024 τῷ
850 2956 904 3028 μὲν
922 2951 1048 3011 διώκοντι
1066 2951 1164 3008 ἐλάττω
1184 2957 1313 3023 έποίησαν
1329 2951 1363 3009 τά

184 3065 313 3134 ἐπιτίμια,
346 3058 395 3117 έάν
418 3058 522 3135 ήττηθή,
554 3066 599 3117 ἵνα
624 3057 663 3134 μή
688 3057 735 3114 διά
758 3057 789 3114 τό
808 3061 910 3129 πλῆθος
929 3057 1139 3135 ἀποτρέπωνται,
1172 3063 1206 3132 [4.
1226 3067 1250 3115 ελ
1268 3057 1294 3116 δ
1314 3054 1363 3118 σύν

184 3162 331 3237 ἀναγκάζοι
356 3189 402 3229 τις,
427 3164 494 3242 πρός
513 3164 650 3226 τοιούτους
667 3161 717 3234 ήδύ
738 3169 809 3223 ἐστιν
828 3172 937 3223 εἰσιέναι
956 3172 984 3221 οἳ
1001 3164 1041 3240 μή
1060 3164 1174 3238 άγνῶτές
1192 3173 1258 3225 εἰσιν
1277 3163 1360 3241 ύμῖνή,

182 3277 224 3334 72.
245 3279 291 3327 καλ
310 3276 339 3329 ἐν
356 3274 394 3344 τῷ
412 3266 482 3348 όρκιμ
502 3275 646 3348 διορίζεται
664 3267 681 3326 ό
698 3295 724 3328 τι
743 3270 883 3348 προσήκων
901 3276 962 3338 tori,
982 3271 1033 3332 κάν
1052 3267 1182 3348 οίκέτηςή,
1201 3271 1304 3330 τούτων
1315 3269 1362 3334 τάς

181 3376 334 3450 ἐπισκήψεις
361 3381 444 3448 εἶναι;
466 3382 541 3441 LIX.
560 3385 603 3442 72.
630 3383 783 3454 [Στέφανος
800 3386 846 3435 καλ
867 3383 982 3456 Νέαιρα]
1002 3378 1155 3442 κατιδόντες
1175 3384 1360 3451 Θεογένην-

187 3484 465 3562 συμπαραγενόμενος
483 3484 556 3558 αύτῷ
574 3522 608 3530 -
627 3492 769 3560 Στέηανος
787 3482 881 3542 ούτοσί
897 3522 939 3540 -.

269 3613 342 3668 Tum
361 3612 521 3668 subiectum
539 3617 679 3667 mutatur:
705 3612 823 3667 XXXV.
842 3614 885 3670 32.
904 3607 1084 3686 ’Λντίπατρος
1103 3605 1192 3686 όνομα
1210 3606 1242 3680 ήν
1260 3612 1297 3680 τῷ
1315 3612 1359 3667 δε-

178 3715 320 3795 δανεικότι,
341 3716 449 3779 Κιτιεύς
471 3715 503 3772 τό
527 3723 613 3790 γένος·
649 3718 810 3777 XXXXIH.
829 3722 871 3777 76.
890 3714 920 3770 τό
940 3714 966 3772 δ’
986 3712 1083 3790 όνομα,
1103 3711 1118 3771 ό
1138 3721 1208 3776 ἐστιν
1221 3715 1301 3788 αύτῷ,
1320 3741 1358 3792 μη

177 3817 219 3878 ότι
244 3827 272 3879 έκ
296 3825 344 3879 τού
362 3818 478 3896 Ἀννίου
498 3833 580 3890 οἴκου,
610 3822 669 3880 οὐδ’
690 3829 717 3880 έκ
735 3825 782 3880 τοῦ
801 3828 936 3898 Στρατίου
956 3827 1009 3878 ἐστὶ
1028 3825 1075 3878 τοῦ
1096 3826 1191 3880 ἑαυτοῦ
1210 3821 1357 3900 προγόνου,

178 3927 236 3986 οἰδ
257 3935 285 3986 έκ
309 3932 362 3989 τῶν
388 3927 475 3991 άλλων
500 3929 644 4004 άπογόνων
662 3933 715 3989 τῶν
732 3935 876 3994 Βουσέλου,
905 3926 1040 3988 τοσούτων
1058 3937 1218 4005 γενομένων,
1247 3928 1359 3992 ούδενός

176 4043 234 4110 ἕχει
260 4037 291 4095 τό
321 4035 421 4114 ὄνομα·
439 4042 626 4099 XXXXVHI.
647 4044 689 4101 38.
709 4047 777 4113 φησί
792 4057 828 4113 με
852 4042 1065 4112 παραβεβηκέναι
1089 4035 1136 4099 τάς
1161 4034 1294 4106 συνθήκας
1311 4044 1355 4092 καλ

175 4145 250 4204 δεινά
278 4155 445 4206 πεπονθέναι
472 4144 517 4202 ὑπ’
537 4151 615 4222 έμού,Ι
651 4151 789 4209 L111.20.
813 4144 869 4206 Τόν
896 4149 927 4202 δὲ
946 4144 1055 4216 Μάτην,
1079 4149 1205 4210 δανείσας
1224 4145 1358 4223 ἀργύριον

174 4250 355 4331 Ἀρχεπόλιδι
363 4283 407 4321 -,
418 4250 510 4323 ἐπειδή
529 4251 583 4326 ούχ
593 4249 650 4316 οἶός
667 4251 690 4310 τ’
703 4247 736 4326 ήν
754 4249 826 4325 αύτῷ
844 4251 999 4312 άποδούναι
1017 4249 1216 4330 όίίρχέπολις,
1236 4256 1358 4312 ἐναπετί-
