2954 4824
1116 307 1254 398 ’νε

138 526 219 590 quae
242 506 349 591 verba,
378 526 448 572 eum
472 506 505 571 in
528 506 735 591 posteriorem
759 505 936 572 orationem
966 524 1029 570 non
1052 504 1256 587 quadrarent,

136 609 337 693 neglegenda
351 609 514 675 oeusuisse
535 629 640 692 neque
655 610 688 674 in
708 611 842 675 alteram
859 610 1037 674 orationem
1052 608 1256 674 transtulisse

136 713 371 778 Demosthenes
400 712 562 796 putandus
589 717 651 795 est3
690 713 746 777 sed
780 711 894 778 eadem
928 711 970 776 ab
1007 710 1130 776 editore
1160 712 1256 775 totius

137 817 290 880 orationis
313 836 377 880 una
401 835 471 880 eum
495 814 607 880 ceteris
629 814 748 878 tradita
771 814 864 879 uobis
887 820 969 880 sunt.

222 919 302 1000 Iam,
325 937 387 1000 quo
410 916 559 999 quodque
581 917 736 1000 prooemii
759 917 935 981 membrum
958 922 1102 1001 tempore
1123 917 1258 982 eonsori·

136 1027 225 1105 ptum
250 1021 300 1102 sit,
323 1021 524 1104 complectar.
576 1019 766 1100 Priusquam
797 1018 923 1084 aerario
951 1018 1077 1084 debitas
1104 1019 1258 1102 peounias

134 1123 314 1189 Androtion
338 1126 470 1205 eiusque
492 1122 619 1187 sodales
643 1123 817 1201 solverent,
848 1121 968 1204 seripta
996 1141 1067 1187 esse
1090 1130 1121 1186 et
1143 1121 1258 1206 prioris

135 1225 294 1290 orationis
310 1225 453 1290 membra
468 1224 568 1289 fuisse
583 1223 663 1288 haee
685 1225 844 1289 videntur:
867 1221 886 1309 ξ
903 1227 999 1289 1.-5,
1022 1226 1041 1304 ξ
1058 1226 1159 1290 6.-9.
1182 1223 1258 1308 (τοῦ

136 1325 198 1393 τόν
228 1351 266 1392 τε
288 1331 431 1407 παθεῖν,
461 1315 511 1392 τόν
535 1319 627 1409 tigerio
657 1325 776 1410 εὀτιν),
806 1324 892 1412 §ld
923 1325 972 1411 (ἐξ
1000 1316 1102 1412 ἀρχῆς
1130 1311 1194 1391 οόν
1221 1324 1257 1390 ἐν

136 1433 283 1517 βραχέσι)
307 1467 349 1477 -
368 1434 414 1494 13.
436 1422 599 1514 (ὀφείλειν
620 1433 662 1513 τῇ
683 1425 795 1513 πόλει)
822 1432 881 1510 §a
905 1429 982 1514 (τοῦ
1006 1428 1042 1494 δὲ
1064 1425 1258 1514 πράγματος

136 1571 178 1581 -
204 1537 251 1599 10.
275 1531 501 1618 (δυναίμεθα),
525 1533 644 1615 quain
668 1532 909 1597 enumeratione
932 1550 1004 1596 eum
1028 1532 1171 1597 ordinem
1194 1552 1257 1597 ser·

140 1637 228 1718 vari,
259 1654 354 1718 quem
386 1642 494 1700 orator
516 1655 587 1701 esse
619 1655 727 1702 eorum
761 1635 929 1700 verborum
963 1635 1070 1699 voluit.
1125 1635 1174 1700 Ex
1208 1635 1258 1700 his

137 1745 274 1821 quatuor
297 1737 446 1804 membris
462 1745 609 1821 quartum
626 1745 732 1803 orator
754 1739 787 1803 in
810 1738 946 1804 alteram
963 1737 1139 1803 orationem
1156 1743 1258 1802 trans·

137 1841 303 1906 ferendum
334 1861 397 1906 non
429 1859 500 1906 esse
523 1842 654 1923 censuit,
676 1841 813 1925 primum
844 1847 875 1906 et
905 1843 1039 1906 alterum
1069 1846 1101 1906 et
1130 1841 1257 1906 tertium

138 1943 309 2024 transtulit,
340 1949 436 2026 atque
471 1943 607 2027 primum
640 1944 768 2026 quidem
799 1944 958 2026 integrum
981 1943 1073 2029 (nam
1095 1944 1186 2026 illud,
1218 1944 1259 2010 de

43 2083 46 2094 ·
139 2066 200 2128 quo
230 2066 328 2130 supra
356 2045 504 2128 diximus,
530 2049 748 2125 ,καταθῶσιζ
779 2047 838 2111 etsi
872 2053 994 2113 mutato
1024 2065 1128 2111 rerum
1158 2047 1258 2111 statui

138 2169 199 2213 non
224 2150 382 2230 convenit,
410 2155 519 2214 tamen
543 2155 576 2214 ut
597 2151 671 2214 leve
693 2149 809 2232 prioris
832 2169 937 2214 rerum
962 2154 1067 2214 status
1089 2149 1258 2232 vestigium

138 2252 309 2334 neglegere
331 2251 426 2316 feoile
450 2250 576 2338 potuit),
599 2272 638 2316 eu
655 2253 756 2318 altero
772 2258 879 2317 autem
895 2253 1037 2318 membro
1052 2252 1260 2335 enuntiatum,

139 2354 224 2436 quod
262 2359 311 2418 est
348 2356 534 2440 βουλοίμην
569 2345 597 2419 δ’
618 2347 661 2420 ἂν
693 2354 748 2439 ἐμέ
775 2379 810 2420 τε
841 2367 968 2440 τυχεῖν,
1002 2341 1050 2420 τόν
1085 2351 1260 2440 βούλομαι,

137 2457 269 2521 τοῦτον
296 2479 332 2522 τε
353 2462 480 2521 παθεῖν
512 2444 561 2522 ὧν
583 2449 674 2538 όξιός
697 2456 801 2537 ἐστιν,
832 2457 1005 2523 tollendum
1036 2476 1107 2523 esse
1129 2457 1259 2535 censuit,

140 2559 272 2624 tertium
304 2559 442 2642 denique
474 2559 649 2625 membrum
680 2561 720 2625 iis
750 2559 864 2642 verbis,
894 2579 978 2642 quae
1008 2559 1082 2625 inde
1112 2581 1132 2624 a
1156 2560 1261 2643 verbo,

138 2656 354 2747 ,ypcipovtor‘
377 2683 478 2745 usque
501 2663 542 2728 ad
566 2663 658 2729 finem
683 2663 838 2747 prooemii
859 2663 1124 2746 legimus,'auxit.

224 2767 244 2845 ξ
263 2769 309 2829 17.
332 2765 374 2828 ad
397 2753 529 2829 oausam
553 2765 659 2850 ipsam
682 2786 717 2831 se
733 2772 922 2835 eonvertens
945 2771 1052 2831 orator
1076 2765 1121 2840 sio
1143 2765 1258 2848 pergit:

139 2862 314 2951 Βούλομαι
337 2863 376 2951 δὴ
399 2864 502 2955 μικρὰ
528 2861 713 2950 διεξελθών
736 2868 814 2953 περὶ
841 2870 912 2934 τῶν
942 2868 1105 2952 κειμένων
1136 2858 1261 2952 νόμων,

138 2959 218 3034 καθ>
241 2959 302 3046 οός
324 2967 408 3035 εἰσιν
440 2968 473 3036 αἱ
502 2972 630 3036 τοιαίδε
651 2972 785 3056 γραφαί,
817 2971 893 3056 περὶ
915 2961 1025 3036 αότοῦ
1056 2971 1119 3036 τοῦ
1152 2965 1259 3054 νόμου

142 3073 250 3157 λέγειν
281 3065 321 3137 όν
344 3071 542 3158 γέγραμμαι·
564 3069 741 3160 γενήσεσθε
764 3069 826 3158 γὰρ
850 3064 1089 3158 εὐμαθέστεροι
1111 3068 1197 3159 πρὸς
1218 3068 1260 3137 τὰ

141 3167 245 3240 λοιπὰ
274 3179 382 3240 ταῦτα
396 3168 680 3260 προακούσαντες.
726 3177 797 3241 Duo
818 3176 923 3259 igitur,
946 3176 985 3242 de
1001 3175 1117 3259 quibus
1132 3181 1259 3241 aeturus

141 3277 189 3361 sit,
212 3284 320 3342 orator
342 3279 503 3362 proponit;
525 3279 674 3364 primum,
697 3279 814 3361 quibus
837 3279 960 3361 legibus
982 3277 1033 3343 lex
1054 3279 1259 3343 Timooratea

141 3381 286 3445 accusari
309 3381 421 3464 possit,
444 3379 560 3446 deinde
583 3381 624 3447 de
646 3382 718 3466 ipsa
734 3380 925 3446 Timoeratis
948 3381 1020 3464 lege
1042 3380 1201 3446 dieturum
1225 3399 1259 3444 se

141 3482 314 3566 pollicetur.
359 3481 459 3562 Quem
483 3503 608 3548 cursum
631 3483 785 3549 orationis
807 3503 904 3567 quam
921 3489 1102 3548 constanter
1124 3483 1261 3548 tenuerit

141 3583 333 3650 videbimus.
376 3589 424 3650 Ao
446 3587 582 3670 primum
607 3587 748 3670 quidem,
779 3587 946 3670 quomodo,
965 3605 1060 3668 quae
1087 3592 1261 3669 sequuntur

141 3689 247 3773 verba,
269 3690 311 3752 ad
335 3688 472 3773 priorem
495 3689 583 3790 illips
606 3690 833 3775 propositionis
857 3696 979 3775 partem
1003 3696 1159 3787 spectem,
1189 3708 1261 3773 eog-

141 3810 318 3857 uosoamus.
375 3791 556 3874 Sequuntur
586 3798 693 3859 autem
724 3792 804 3858 haee
831 3793 943 3858 rerba:
974 3789 1073 3872 ἔστιν,
1103 3789 1140 3858 ui.
1165 3816 1193 3856 α.
1210 3795 1260 3872 Α.,

143 3891 178 3957 ἐν
201 3906 275 3972 τοῖς
298 3879 373 3958 οὖσι
396 3886 513 3978 νόμοις
539 3888 616 3982 ἡμῖν
638 3897 767 3981 κυρίοις
797 3897 998 3981 διωρισμένα
1029 3887 1174 3981 ἀκριβῶς
1204 3895 1259 3960 καὶ

143 3998 255 4078 σαφῶς
278 3986 384 4061 πάνθ’
408 3988 470 4062 ὅσα
493 3997 544 4063 δεῖ
564 4010 676 4062 ποιεῖν
697 3999 774 4081 περὶ
797 4000 869 4062 τῶν
883 3992 1081 4082 μελλόντων
1103 3993 1259 4082 τεθήσεσ-

144 4101 202 4162 θαι
225 4089 349 4182 νόμων.
373 4098 429 4162 καὶ
455 4100 677 4184 πρῶτονμὲν
701 4093 866 4178 ἁπάντων
884 4095 1008 4184 χρόνος
1030 4098 1098 4165 ἐστὶ
1123 4122 1259 4185 γεγραμ-

145 4198 249 4280 μένος,
280 4197 316 4264 ὲν
345 4186 373 4284 ᾦ
403 4195 564 4286 προσήκει
594 4204 803 4286 νομοθετεῖν·
833 4191 892 4266 εἶτ’
928 4191 1008 4268 σι’όὲ
1038 4192 1117 4268 τόθ’
1140 4194 1185 4278 ὡς
1219 4191 1260 4266 ἂν
