2998 4826
589 407 768 461 ..15-

83 607 87 614 '
179 607 249 662 Cum
270 605 371 674 omnia,
391 619 466 673 quae
485 603 522 658 de
542 618 650 672 genere
669 602 801 671 Hagniae
819 602 866 670 (ll)
886 606 1075 671 exponuntur,
1095 599 1266 655 testimoniis

71 715 173 770 etiam
203 711 419 779 confirmentur,
459 710 560 779 negari
595 724 652 764 uon
686 713 799 778 posset,
839 711 982 763 oratorem
1014 707 1185 764 Eubulidem
1203 706 1265 774 (ΙΠ)

74 820 219 890 Hagniae
239 820 286 888 (ll)
306 817 478 887 cognatione
497 816 661 886 propiorem
681 831 755 883 esse,
774 831 859 884 quam
880 814 1105 884 Theopompum,
1124 813 1266 868 iudicibus

73 927 311 993 demonstrasse,
330 923 383 978 nisi
402 921 552 978 Eubulidis
572 923 633 992 (ΙΠ)
655 921 839 990 adoptionem
866 937 902 976 ex
926 921 1041 990 legibus
1067 920 1175 976 factam
1201 937 1266 975 esse

76 1053 119 1107 ad
143 1050 193 1105 avi
212 1052 262 1118 (sc.
282 1048 407 1118 paterni)
427 1052 540 1116 patrem
566 1047 613 1101 vel
633 1045 760 1101 defuncti
786 1061 926 1114 proavum
952 1050 1113 1114 paternum,
1141 1051 1201 1100 tum
1227 1043 1266 1098 ad

77 1141 130 1195 avi
152 1143 204 1207 (sc.
218 1138 343 1208 paterni)
363 1141 483 1191 matrem
502 1136 550 1190 vel
569 1135 698 1190 defuncti
710 1134 858 1204 proaviam
872 1140 1022 1203 paternam
1036 1135 1124 1193 venit.
1144 1165 1177 1174 —
1196 1135 1267 1188 Post

73 1229 136 1284 hos
158 1227 225 1282 avia
244 1231 368 1295 paterna
387 1224 579 1278 hereditatem
599 1229 754 1278 consecuta
774 1228 827 1278 est.
842 1254 876 1262 —
890 1223 994 1280 Aviam
1007 1229 1157 1292 paternam
1170 1223 1199 1291 ii,
1218 1223 1266 1291 qui

75 1319 119 1373 ab
142 1333 178 1372 ea
199 1315 388 1383 descendunt,
414 1313 516 1368 eadem
535 1313 647 1368 ratione
667 1313 853 1380 sanctisunt,
880 1329 937 1381 qua
957 1329 1041 1368 avum
1067 1304 1219 1382 paternum
1238 1313 1265 1380 ii,

77 1407 135 1476 qui
157 1406 194 1460 ab
215 1421 249 1460 ec
269 1403 458 1459 descendunt.
497 1401 527 1457 Si
546 1419 583 1458 ex
602 1401 646 1456 his
665 1418 749 1456 nemo
768 1400 918 1471 superfuit,
943 1401 1043 1456 eadem
1062 1402 1182 1470 ratione,
1209 1417 1266 1470 qua

78 1495 133 1550 avi
163 1494 276 1563 paterni
304 1492 489 1562 parentibus,
524 1491 607 1545 aviae
642 1496 782 1560 paternae
818 1490 894 1559 patri
923 1490 969 1545 vel
1001 1489 1129 1545 defuncti
1156 1506 1267 1559 proavo

79 1589 225 1653 paterno,
258 1588 319 1636 tum
349 1581 431 1635 aviae
456 1585 597 1649 paternae
624 1580 708 1634 matri
736 1580 783 1633 vel
808 1577 938 1634 defuncti
963 1580 1101 1647 proaviae
1125 1585 1266 1648 paternae

81 1672 235 1728 hereditas
264 1670 391 1726 obvenit.
433 1670 516 1726 Nunc
545 1668 583 1724 ad
619 1685 682 1724 cum
714 1669 808 1723 locum
840 1668 1038 1739 pervenimus,
1072 1669 1121 1725 ubi
1152 1683 1267 1723 succes-

83 1763 196 1817 sionem
230 1760 268 1814 ad
298 1764 439 1828 cognatos
466 1775 484 1811 a
510 1763 601 1812 matre
628 1757 777 1812 transiisse
811 1773 899 1826 supra
925 1757 1009 1816 dixi.“
1051 1759 1154 1827 Porro,
1189 1758 1266 1827 quod

82 1851 211 1920 scriptor
231 1866 271 1904 or.
284 1848 446 1903 XXXXlll.
461 1847 648 1916 Theopompo
662 1849 677 1916 ξ
689 1847 724 1900 27
736 1846 780 1901 ius
799 1845 968 1901 hereditatis
988 1847 1116 1916 denegat
1134 1879 1168 1888 -
1187 1853 1267 1902 recte

80 1942 162 1996 enim
190 1938 258 1993 mihi
285 1937 420 1992 videntur
446 1934 661 1990 Schoemannus
689 1935 738 2003 (ad
764 1935 802 1989 Is.
827 1951 855 2004 p.
881 1935 961 2004 458),
988 1935 1021 1990 G.
1041 1936 1074 1990 H.
1095 1935 1268 1992 Schaeferus

80 2029 177 2098 (App.
198 2045 237 2082 cr,
258 2032 287 2082 et
306 2042 389 2094 exeg.
410 2026 444 2081 V.
455 2043 483 2095 p.
494 2027 567 2094 103),
588 2025 623 2079 de
643 2025 764 2079 Boorius
784 2026 848 2092 (1.1.
868 2041 896 2093 p.
916 2026 971 2094 61),
989 2025 1154 2080 Dindcrlius
1173 2026 1201 2079 in
1221 2026 1267 2080 ed.

82 2119 200 2173 Teuhn.
220 2133 247 2175 a.
258 2116 336 2179 1878,
357 2119 461 2185 (neque
481 2115 598 2171 veroin
618 2114 790 2184 edonem),
811 2113 969 2169 Grasshoff.
989 2114 1016 2181 (l.
1036 2115 1053 2168 l.
1075 2132 1103 2183 p.
1118 2116 1162 2185 37)
1183 2115 1270 2183 ἑαυτῷ

83 2205 257 2261 codicumA
277 2211 339 2260 etr
358 2205 559 2260 auctoritatem
579 2204 670 2258 secuti
688 2204 717 2258 in
736 2208 818 2259 textu
838 2203 969 2273 posuisse
991 2235 1035 2273 -,
1054 2203 1085 2258 id
1107 2205 1190 2259 ullius
1210 2221 1268 2258 mc·

89 2295 181 2348 menti
195 2311 257 2349 esse
271 2293 403 2363 equidem
417 2293 600 2364 negaverim3
614 2309 708 2362 neque
722 2294 795 2348 enim
810 2294 914 2361 omnia,
927 2310 1001 2363 qnae
1015 2293 1043 2347 in
1057 2311 1097 2353 or.
1104 2295 1268 2354 XXXXIll.

90 2381 279 2451 affirmantur,
304 2399 373 2438 vera
402 2388 476 2438 sunt.
514 2383 647 2452 Denique
668 2381 826 2441 Grasslroff.
845 2400 874 2452 p.
893 2383 928 2436 37
948 2383 1096 2437 contendit
1113 2384 1210 2438 verbis
1230 2385 1269 2456 [οἱ

92 2467 162 2545 πρὸς
180 2468 289 2546 πατρὸς]
307 2475 393 2543 μέχρι
410 2469 465 2526 τῶν
484 2466 604 2538 ἀνεψιῶν
621 2471 736 2533 παίδων,
763 2471 816 2525 nisi
836 2472 942 2526 sobrini
969 2472 1198 2542 excluderentur,
1224 2490 1270 2528 so·

89 2561 189 2616 brinos
210 2577 271 2615 cum
292 2559 469 2616 consobrinis
486 2559 516 2612 in
536 2576 621 2613 uuam
642 2559 820 2628 eandemque
840 2561 961 2615 classem
981 2561 1102 2615 relatum
1122 2561 1170 2634 iri,
1191 2563 1269 2631 quod

87 2667 211 2720 pravum
232 2665 295 2704 esse
315 2649 468 2704 existimat.
507 2648 603 2713 Quid?
630 2649 678 2718 qui
703 2655 826 2718 pessunt
848 2650 940 2704 verba
963 2653 1050 2723 μέχρι
1072 2650 1126 2706 τῶν
1151 2647 1271 2720 rissendi·

92 2739 201 2794 παίδων
218 2739 247 2792 in
267 2737 321 2793 hac
340 2744 440 2792 nostra
458 2737 524 2806 lege
544 2736 707 2807 significare
728 2755 836 2807 ,usquc
850 2739 887 2792 ad
902 2739 1059 2808 sobrinos“,
1079 2755 1142 2794 curn
1156 2757 1270 2811 semper

89 2844 182 2883 sermo
204 2829 241 2882 sit
260 2827 297 2882 de
316 2827 377 2882 iure
397 2826 587 2881 successionis
607 2831 795 2896 cognatorum
809 2827 936 2881 defuncti
956 2843 1076 2896 eamque
1095 2829 1133 2883 ob
1152 2845 1268 2885 causam

91 2915 145 2970 illis
162 2917 259 2971 verbis
278 2915 346 2970 nihil
359 2914 438 2969 aliud
451 2915 637 2984 exprimatur,
657 2932 741 2984 quam
756 2932 814 2984 eos,
835 2916 883 2984 qui
897 2921 963 2970 sunt
975 2912 1044 2988 πρὸς
1055 2914 1164 2991 πατρός,
1183 2923 1270 2990 μέχρι

95 3005 218 3060 defuncti
240 3000 359 3072 circumcis
376 3004 485 3060 παίδων
501 3004 519 3058 i.
533 3019 558 3062 e.
577 3021 668 3074 usque
689 3004 726 3058 ad
747 3003 876 3059 defuncti
896 3005 1129 3060 consobrinorum
1148 3005 1221 3062 filios
1240 3009 1268 3063 iu

91 3095 137 3148 ius
162 3091 332 3148 hereditatis
360 3091 479 3146 venire?
523 3093 587 3147 Non
615 3093 687 3147 vidit
715 3094 758 3147 vir
785 3093 910 3162 optimus
935 3094 1054 3150 ducrum
1081 3097 1196 3165 quidem
1223 3100 1269 3154 vel

91 3181 212 3251 plurium
234 3176 354 3247 ἀνεψιῶν
369 3181 473 3241 παῖδας
489 3180 566 3236 idem
584 3183 687 3236 valere·
698 3187 785 3251 atque
806 3178 974 3251 ἀνεψιαδοῦς
991 3186 1193 3256 (=sob1iuos),
1213 3204 1269 3242 non

92 3276 188 3326 autem
209 3270 280 3325 certi
300 3269 448 3324 cuiusdam
469 3265 590 3338 ἀνεψιῶν
606 3271 717 3332 παῖδας,

182 3358 338 3414 Occasione
352 3359 451 3414 oblata
462 3359 551 3415 liceat
563 3359 629 3415 mihi
642 3360 771 3430 proferre
791 3379 827 3418 ea
840 3369 1020 3433 argumenta,
1033 3363 1137 3432 quibus
1150 3362 1270 3420 refutari

93 3464 178 3518 posse
198 3448 320 3502 arbitror
333 3446 504 3503 Grasshoflii
523 3449 705 3519 sententiam,
725 3466 811 3519 quam
830 3453 933 3521 posuit
946 3469 1036 3522 pagg.
1058 3455 1091 3506 19
1110 3469 1222 3525 proxx,
1240 3455 1270 3509 iu

96 3538 167 3592 linea
186 3536 233 3590 avi
254 3536 354 3591 eodem
380 3537 475 3607 modo,
501 3553 558 3607 quo
584 3538 613 3592 in
638 3538 729 3608 patris
755 3539 831 3596 linea
849 3541 894 3596 ius
912 3543 1187 3611 repraesentationis
1212 3559 1269 3598 nou

95 3625 256 3680 conclusum
275 3639 339 3680 esse
357 3626 434 3681 intra
453 3632 597 3682 certorum
610 3628 757 3697 ,graduum
784 3631 929 3690 terminos.
959 3631 1083 3685 Primum
1103 3631 1226 3701 quidem,
1246 3633 1271 3686 si

97 3731 191 3770 verum
218 3720 304 3784 esset,
325 3716 402 3784 quod
423 3715 471 3774 Gr.
491 3718 649 3785 contendit,
669 3717 765 3772 mirari
783 3719 903 3788 subiret,
923 3720 1000 3789 quod
1021 3720 1194 3789 legumlator
1213 3737 1270 3776 non

96 3803 208 3872 scripsit
225 3808 312 3877 μέχρι
329 3800 445 3858 πάππον
462 3805 509 3860 vel
528 3809 615 3877 μέχρι
632 3813 710 3859 (leton
727 3807 843 3866 παίδων.
875 3809 947 3862 Tum
961 3809 1046 3863 Plato
1058 3810 1119 3876 (XI.
1129 3827 1158 3878 p.
1169 3811 1222 3864 925
1232 3810 1270 3877 A)

98 3892 235 3946 distinctis
255 3893 352 3947 verbis
371 3893 440 3947 dicit
459 3915 490 3966 μ,
502 3889 566 3952 (ἰν.
579 3893 655 3948 idem
676 3910 739 3950 esse
760 3912 794 3950 ac
813 3900 900 3970 μέχρι
917 3893 1032 3950 πάππον
1050 3899 1159 3954 παίδων
1177 3899 1273 3954 νίνδῶν

100 3982 143 4048 (cf.
162 3979 279 4039 Grassh.
298 3999 327 4050 p.
346 3983 401 4050 36).
437 3982 570 4052 Denique
596 4000 660 4040 mea
683 3983 798 4052 quidem
818 3986 962 4040 sententia
981 3987 1106 4055 iniquum
1127 3993 1220 4055 esset,
1247 3989 1270 4042 si

99 4068 220 4124 defuncti
234 4069 469 4124 consobrinorum
482 4075 613 4142 nepotes,
632 4078 807 4142 pronepotes
822 4080 889 4133 cett.
903 4073 1119 4144 praeferrentur
1132 4075 1271 4131 fratribus

100 4163 129 4213 et
145 4158 289 4214 sororibus
308 4159 436 4218 uterinis.
