2954 4824
1256 326 1275 387 9

158 493 292 578 probata
318 501 410 581 essct.
460 495 563 573 Quam
596 496 700 578 legem
735 514 847 560 revera
876 515 895 559 a
929 514 982 559 rec
1016 495 1170 560 violatam
1204 514 1275 562 esse

158 597 226 660 sine
267 597 460 668 dubioiam
493 599 668 663 Euctemon
709 598 898 681 probavisse
939 596 1171 662 existimandus
1212 606 1274 678 est3

156 717 257 781 neque
283 700 457 782 quidquam
482 701 620 764 Diodoro
652 700 805 778 restabat,
836 700 896 764 nisi
921 707 970 780 ut,
1000 719 1084 781 quae
1111 721 1183 767 reos
1213 702 1275 765 for·

155 807 240 867 tasse
263 809 475 868 excusaturus
497 810 594 883 esset,
617 810 714 868 antea
737 803 900 868 refutaret.
941 805 1073 868 Praesto
1097 809 1204 868 autum
1227 805 1275 868 illi

154 910 244 968 erant
266 904 352 969 duae
374 907 611 986 excusationes,
640 925 776 987 quarum
800 905 902 989 prima
925 912 1010 985 erat,
1041 925 1198 970 summam
1221 927 1274 991 po-

153 1011 301 1071 testatem
326 1007 413 1090 apud
435 1008 587 1091 populum
611 1010 713 1091 ipsum
738 1028 822 1090 esse,
844 1028 947 1090 neque
971 1009 1145 1090 quidquam
1162 1015 1275 1074 eontra

152 1109 239 1191 leges
262 1109 380 1174 factum
406 1130 477 1176 esse
500 1129 593 1194 posse
616 1111 701 1192 quod
725 1111 861 1194 populus
884 1111 1038 1192 iussisset,
1061 1113 1164 1175 altera
1186 1111 1273 1195 haec,

153 1230 242 1276 reum
276 1231 379 1294 neque
406 1214 541 1296 primurn
573 1232 676 1294 neque
700 1234 795 1276 unum
827 1232 879 1292 ea,
907 1233 1004 1295 quam
1034 1213 1193 1278 Diodorus
1216 1215 1273 1278 im-

150 1314 312 1398 probaret,
342 1315 466 1380 ratioue
489 1315 569 1398 legis
592 1316 744 1380 ferendae
765 1335 857 1380 usum
880 1335 965 1396 esse,
997 1315 1052 1380 sed
1076 1335 1185 1380 omnes
1207 1316 1273 1382 fere

151 1416 205 1497 qui
228 1423 328 1482 antea
351 1418 475 1482 senatui
497 1418 745 1502 praesedissent.
790 1416 881 1495 Quae
909 1438 970 1500 quo
993 1420 1062 1483 iure
1085 1438 1157 1482 reus
1180 1437 1273 1484 excu-

153 1539 224 1584 sare
241 1521 384 1603 potuerit
399 1540 508 1585 omnes
524 1522 727 1602 intelleguut;
748 1541 821 1584 nam
840 1521 911 1585 usui
934 1541 1059 1603 quoque
1075 1529 1171 1603 atque
1195 1523 1274 1586 mori

150 1622 274 1704 aliquid
307 1622 508 1688 tribuendum
540 1631 596 1688 est.
652 1623 758 1700 Quare
789 1624 933 1706 argutius
964 1643 1059 1706 quam
1092 1624 1197 1688 verius
1233 1645 1272 1689 ea

151 1725 293 1790 refutare
316 1733 474 1789 oratorem
498 1748 560 1791 non
585 1727 779 1792 mirabimur.

233 1831 253 1908 ξ
279 1830 306 1891 8.
335 1835 442 1891 orator
465 1829 568 1892 verbis
591 1847 675 1909 quae
706 1836 791 1893 sunt:
825 1831 906 1914 Περὶ
936 1831 1055 1893 τοίνυν
1077 1834 1140 1894 τοῦ
1163 1825 1271 1914 νόμου

149 1933 209 1994 τοῦ
233 1927 418 2016 διοῤῥήδην
442 1922 504 1995 οὐκ
527 1929 652 2007 ἐῶντος
675 1930 796 2013 ἐξεῖναι
818 1929 861 2018 μὴ
879 1934 1086 2018 ποιησαμένῃ
1101 1935 1141 2015 τῇ
1162 1937 1270 2018 βουλῇ

149 2029 206 2108 τὰς
229 2030 377 2118 τριήρεις
400 2034 527 2120 αἰτῆσαι
553 2032 614 2120 τὴν
638 2028 778 2119 δωρεάν,
811 2030 906 2116 ἄξιόν
929 2037 1019 2100 ἐστιν
1044 2027 1185 2100 ἀκοῦσαι
1207 2034 1271 2121 τήν

148 2127 341 2221 ἀπολογίαν
362 2128 406 2220 ἢν
420 2133 594 2220 ποιήσεται
610 2157 697 2219 seqq.
713 2138 756 2201 ad
779 2139 881 2220 legem
906 2138 1041 2202 alteram
1061 2139 1184 2221 transit,
1207 2158 1272 2220 qua

149 2239 285 2320 senatui,
317 2239 377 2306 nisi
401 2259 501 2304 naves
525 2239 744 2304 aedificandas
774 2247 926 2322 curasset,
959 2240 1161 2305 interdictum
1193 2247 1271 2322 erat,

147 2361 185 2405 ue
209 2361 362 2406 coronam
386 2347 560 2425 expeteret.
605 2342 698 2408 Hanc
721 2362 846 2424 quoque
870 2342 972 2425 legem
996 2362 1016 2404 a
1039 2363 1092 2407 reo
1116 2343 1270 2408 violatam

145 2462 216 2508 esse
248 2443 316 2507 iam
347 2444 521 2508 Euctemon
553 2443 707 2527 probasse
730 2446 892 2529 putandus
923 2452 983 2527 est,
1013 2445 1110 2527 idque
1140 2448 1200 2529 ita,
1235 2453 1270 2512 ut

146 2547 283 2611 recitata
306 2547 363 2610 illa
386 2549 456 2629 lege
479 2566 578 2611 naves
602 2567 663 2610 non
688 2566 759 2612 csse
782 2554 980 2612 constructas
1008 2567 1028 2610 a
1052 2556 1165 2614 senatu
1188 2571 1270 2614 com-

148 2657 347 2726 memoraret,
370 2661 474 2731 neque
490 2670 566 2714 vero
583 2649 641 2714 hoc
656 2650 759 2713 solum
783 2647 1000 2735 (nequeenim
1019 2657 1075 2713 aut
1090 2651 1268 2716 Androtion

146 2758 200 2816 aut
223 2751 348 2816 iudices
370 2750 499 2816 infitiari
523 2753 699 2835 poterant),
730 2751 784 2816 sed
808 2752 906 2818 etiam
930 2759 1060 2816 senatus
1083 2753 1184 2836 ipsius
1206 2775 1269 2819 uon

148 2854 229 2918 alius
254 2853 421 2919 cuiusdam
438 2855 532 2938 culpa
555 2873 655 2920 naves
677 2874 739 2917 non
756 2873 827 2918 esse
849 2854 951 2918 factas
971 2855 1161 2920 ostenderet.
1206 2857 1268 2920 Itu·

146 2975 205 3037 quc
229 2955 372 3020 Diodoro
396 2957 428 3020 id
450 2956 667 3021 tantummodo
692 2956 841 3038 restabat,
866 2963 900 3020 ut
922 2957 1182 3022 excusationibus
1205 2960 1269 3024 An·

148 3059 303 3123 drotionis
326 3067 509 3124 occurreret.
553 3059 601 3122 Ex
633 3058 749 3140 quibus
779 3058 915 3142 primam
944 3059 1012 3123 fore
1042 3079 1113 3124 eam
1137 3062 1269 3126 arbitra-

147 3161 247 3245 batur,
277 3180 426 3225 corouam
452 3168 596 3226 senatum
621 3181 683 3225 non
707 3162 788 3224 ultro
812 3162 1017 3246 expetivisse,
1047 3162 1104 3226 scd
1127 3163 1267 3228 oblatam

146 3262 279 3348 abipso
304 3264 421 3347 populo
445 3263 616 3346 accepisse.
659 3262 763 3340 Quam
786 3265 1026 3328 excusationem
1048 3272 1082 3327 ut
1104 3265 1269 3350 refutaret,

147 3372 234 3430 actor
265 3366 304 3431 de
320 3366 399 3449 legis
422 3367 453 3429 vi
477 3385 516 3430 ac
539 3367 703 3447 sententia,
732 3385 829 3447 quam
855 3367 884 3431 ei
907 3367 1074 3449 legislator·
1097 3368 1194 3431 Solon
1218 3389 1267 3432 su-

150 3469 238 3534 besse
263 3469 430 3550 voluisset,
461 3469 560 3534 verba
582 3468 666 3533 facit.
718 3469 841 3533 Deinde
864 3468 906 3532 ad
930 3469 1065 3534 alteram
1089 3472 1267 3552 graviorem

146 3573 239 3636 etiam
265 3573 310 3636 rei
326 3572 565 3637 excusationem
584 3577 673 3636 actor
689 3590 723 3635 se
739 3572 903 3656 convertit,
926 3590 988 3652 qua
1005 3593 1068 3636 uon
1089 3575 1266 3656 peripsum

149 3681 292 3739 senatum
317 3675 436 3739 sactum
468 3680 560 3756 esset,
591 3674 759 3756 quominus
789 3693 889 3738 naves
920 3674 1177 3759 aedificarentur,
1209 3676 1267 3741 sed

147 3795 201 3858 per
223 3797 310 3859 eum,
333 3776 387 3859 qui
409 3777 535 3842 aerario
559 3777 685 3861 publico
708 3777 887 3860 praefectus
907 3778 1077 3861 pecuniam
1101 3777 1142 3842 ad
1165 3799 1267 3844 naves

148 3876 339 3944 destinatam
362 3879 555 3946 abstulisset.
600 3881 704 3961 Atque
735 3880 767 3942 in
791 3879 850 3944 hac
873 3878 1002 3962 quidem
1031 3899 1064 3944 re
1087 3879 1165 3944 mibi
1188 3901 1265 3946 vera

148 3997 240 4046 causa
271 3983 381 4066 posita
408 3981 507 4045 fuisse
530 3981 670 4058 videtur,
702 4001 756 4044 cur
779 4001 878 4046 naves
910 4002 972 4045 non
1003 3989 1266 4049 construerentur.

150 4079 245 4158 Quam
264 4083 418 4147 rationem
437 4090 540 4147 utrum
556 4083 732 4147 Euctemon
747 4085 811 4148 iam
828 4083 1013 4148 tractaverit
1035 4103 1143 4165 necne,
1159 4101 1266 4167 quam-

149 4203 237 4264 quam
275 4207 333 4271 pro
365 4192 450 4251 certo
488 4185 642 4251 affirmari
673 4185 800 4267 nequit,
833 4191 940 4251 tamen
972 4193 1129 4251 tractasse
1160 4187 1265 4252 existi-

151 4289 223 4352 mari
254 4294 368 4373 potest.
421 4289 535 4354 Mirum
567 4289 650 4355 euim
681 4295 781 4370 esset,
813 4289 840 4353 si
869 4289 901 4356 id
932 4296 1170 4372 argumentum,
1199 4310 1263 4371 quo
