2998 4826
744 145 764 202 8

261 327 288 408 5)
313 329 352 390 18
376 327 392 403 5
416 329 456 390 30
478 317 616 412 καθῆντ’
649 323 682 390 ἐν
703 319 895 412 Μακεδονίᾳ
916 326 999 410 τρεῖς
1021 313 1113 402 ὅλους
1134 325 1243 412 μῆνας.
1276 327 1336 388 Sed

175 427 239 508 ipso
260 427 461 491 Demosthene
491 437 610 490 auctore
638 430 748 492 scimus
780 438 899 491 tantum
930 428 1074 502 abfuisse,
1107 437 1142 490 ut
1165 429 1257 508 legati
1283 449 1336 508 per

174 538 234 591 tres
255 550 370 591 menses
392 531 424 592 in
440 531 619 593 Macedonia
639 541 744 607 essent,
767 541 802 594 ut
823 533 899 616 inter
920 551 1025 611 pacem
1047 531 1086 591 ab
1101 530 1336 592 Atheniensibus

173 631 385 694 iureiurando
408 634 554 695 sancitam
575 641 606 695 et
630 633 797 714 legatorum
818 633 1048 695 Atheniensium
1074 633 1248 694 reditionem
1276 654 1336 694 non

173 733 388 796 intercederent
409 744 469 798 tres
491 757 607 799 menses
628 737 730 816 toti1).
759 737 910 799 Videntur
932 745 1032 798 autom
1054 737 1086 796 in
1107 744 1172 798 tota
1187 735 1337 816 legatione

172 857 233 898 non
255 835 324 916 plus
348 841 386 899 70
409 837 471 900 diss
493 839 662 919 consumpti
683 860 746 901 esse
760 841 791 921 1).
834 839 894 902 Sed
916 840 953 900 de
974 839 1030 901 hoc
1051 859 1173 900 numero
1194 838 1336 900 debemus

174 939 338 1000 subducere
359 948 404 1002 tot
425 940 503 1016 dies,
535 949 608 1021 quot
633 942 665 1002 in
691 942 756 1022 ipso
782 943 886 1004 itinere
914 942 1051 1004 faciendo
1077 941 1337 1015 consumebantur,

173 1042 267 1103 donec
288 1041 380 1122 legati
402 1065 462 1105 non
483 1043 579 1106 solum
601 1044 731 1106 Athenis
753 1045 792 1106 ad
815 1045 1010 1107 Macedoniae
1030 1045 1103 1106 fines
1129 1051 1336 1124 pervenerunt,

176 1143 228 1205 sed
251 1143 343 1206 etiam
364 1166 403 1207 ex
424 1146 603 1209 Macedonia
624 1147 761 1210 Athenas
782 1157 974 1222 reverterunt,
996 1148 1015 1209 i.
1037 1169 1061 1210 e.
1084 1150 1123 1209 30
1146 1147 1208 1209 fere
1230 1146 1292 1207 dies
1306 1147 1338 1227 ³).

174 1245 265 1308 Fient
285 1247 376 1326 igitur
397 1251 438 1310 40
460 1248 531 1324 dies,
554 1270 628 1329 quos
650 1249 743 1312 ferme
764 1251 827 1312 dies
843 1251 958 1331 legatos
972 1250 1202 1312 Atheniensium
1224 1249 1255 1310 in
1271 1249 1338 1311 Ma·

152 1327 300 1410 ¹oodonia
319 1359 514 1413 commoratos
535 1373 598 1413 esse
620 1361 759 1432 putemus
769 1355 802 1435 4).

244 1502 270 1571 1)
296 1505 329 1557 19
353 1502 368 1573 ξ
392 1505 426 1557 57
447 1503 663 1574 ἐλαφηβολιῶνος
686 1500 765 1576 ἐνάτη
784 1505 832 1559 ἐπὶ
860 1503 934 1559 δέκα.
973 1509 1005 1560 19
1024 1507 1039 1576 ἓ
1058 1508 1092 1560 58
1110 1509 1186 1584 τρίτη
1204 1507 1253 1560 ἐπὶ
1271 1505 1338 1558 δέκα

173 1592 223 1642 τοῦ
252 1594 473 1661 σκιροφοριῶνος.
527 1593 625 1660 Itaque
655 1609 690 1646 ns
723 1593 754 1646 id
790 1593 902 1661 quidem
932 1595 998 1647 satis
1035 1611 1131 1648 verum
1167 1599 1226 1662 est,
1263 1594 1339 1663 quod

173 1678 276 1747 legitur
308 1681 341 1732 19
371 1678 386 1749 ξ
417 1680 451 1743 57
481 1675 698 1749 ἀπεδημήσαμεν
814 1684 885 1750 τρεῖς
912 1685 1001 1752 μῆνας
1029 1677 1108 1741 ὅλους
1126 1686 1163 1736 et
1191 1685 1223 1736 19
1252 1681 1339 1752 §158

174 1769 244 1835 τρεῖς
282 1768 371 1835 μῆνας
406 1763 485 1824 ὅλους
520 1763 755 1837 ἀποδημήσαντες.
815 1768 859 1822 Ad
898 1769 1046 1823 veritatem
1087 1769 1247 1824 secessisset
1286 1770 1339 1824 De·

174 1853 346 1919 mosthenes,
375 1854 398 1907 si
424 1871 476 1922 pro
503 1849 616 1916 ,,δλυυς“
640 1855 796 1923 scripsisset
826 1852 966 1924 ,,δλίμου“.
1062 1857 1089 1925 2)
1115 1856 1214 1910 Aesch.
1234 1861 1251 1910 2
1270 1856 1285 1927 ξ
1304 1861 1338 1911 92

173 1943 356 2010 μουνιχιῶνος
384 1941 530 2010 ἐψηφίσθη
565 1944 641 2012 τρίτη
671 1944 826 2013 ἱσταμένου.
880 1943 918 1996 cf.
947 1944 1163 2008 Bruecknerum,
1195 1943 1228 1997 K.
1259 1944 1338 2012 Phil,

173 2044 200 2096 p.
221 2029 271 2080 167
291 2031 319 2080 et
338 2028 371 2082 A.
391 2027 586 2096 Sebastenam,
605 2031 640 2096 11,
660 2031 711 2083 225
731 2047 754 2084 e.
774 2049 799 2100 q.
818 2049 839 2085 s.
885 2029 1055 2084 Conterenus
1082 2031 1149 2099 (var.
1179 2033 1258 2100 lect,
1287 2032 1339 2086 Ve-

174 2114 257 2168 netiis
284 2114 406 2176 MDCVI,
421 2131 452 2184 p.
472 2117 516 2180 74)
543 2133 599 2168 non
625 2115 790 2185 „plusquam
816 2135 917 2172 nouem
945 2117 968 2171 δι
1000 2119 1144 2188 sexaginta
1168 2119 1247 2174 dies“
1275 2136 1339 2174 con-

175 2207 302 2271 sumptos
315 2220 373 2257 esse
385 2207 475 2272 putat.
505 2203 633 2258 Ceterum
645 2203 729 2257 liceat
748 2204 816 2256 mihi
829 2205 874 2258 hio
887 2205 986 2259 afferre
999 2207 1185 2260 Conterenum
1197 2207 1226 2259 in
1240 2207 1338 2260 eadem

176 2290 346 2359 quaestione,
364 2307 447 2359 quam
465 2290 500 2344 de
519 2291 707 2345 Demosthene
725 2292 856 2360 instituit,
876 2293 910 2346 de
928 2295 1048 2348 veritate
1066 2295 1177 2358 illarum
1195 2295 1338 2348 literarum

178 2381 211 2432 18
230 2377 246 2448 ξ
264 2380 298 2432 29
316 2379 492 2444 insertarum,
512 2395 582 2446 quae
601 2379 722 2446 speciem
739 2379 852 2433 tabulae
876 2381 1007 2456 publicae
1025 2399 1093 2449 prae
1113 2398 1142 2434 se
1161 2381 1262 2450 ferunt,
1282 2383 1339 2450 pri·

176 2481 265 2532 mum,
285 2465 361 2533 quod
379 2482 430 2535 ego
450 2466 547 2532 sciam,
576 2468 604 2518 et
621 2465 670 2518 illa
692 2469 784 2520 aetate
802 2485 886 2519 unum
907 2467 1084 2522 dubitavisse.
1120 2467 1192 2522 Nam
1210 2473 1262 2523 200
1280 2469 1340 2524 fere

175 2552 254 2606 annis
274 2553 541 2621 ante‘Droysenium
560 2553 595 2606 de
613 2553 668 2606 illis
686 2553 774 2607 literis
793 2553 863 2608 haec
884 2555 1009 2624 scripsit,
1037 2574 1064 2624 p.
1083 2559 1131 2611 76:
1164 2557 1339 2625 „Quamobre

174 2657 230 2694 non
248 2639 349 2694 iniuria
366 2641 420 2696 hoc
432 2643 523 2694 totum
543 2641 686 2696 decretum
703 2642 772 2695 mihi
795 2647 953 2711 suspectum
977 2645 1044 2697 est“.
1153 2645 1181 2711 8)
1201 2648 1233 2699 19
1252 2632 1272 2716 ξ’
1288 2646 1338 2706 155

174 2729 243 2798 πρὶν
261 2730 299 2786 εὶς
317 2727 497 2780 Μακεδονίαν
515 2728 614 2792 ἐλθεῖν,
633 2733 704 2798 τρεῖς
722 2730 768 2780 καὶ
785 2732 888 2782 εἴκοσιν
906 2717 1010 2802 ἡμέρας
1028 2727 1212 2802 ἀνηλώσαμεν.
1256 2731 1338 2790 Redi·

62 2834 64 2841 ·
173 2814 214 2868 tio
229 2815 341 2869 circiter
354 2818 370 2869 7
384 2815 442 2870 dies
461 2817 573 2871 videtur
591 2819 644 2871 sibi
655 2817 806 2884 postulare,
825 2817 859 2870 of.
880 2819 913 2872 19
932 2819 963 2890 ξς
975 2821 1017 2887 58,
1039 2821 1082 2887 59,
1104 2821 1153 2873 158
1172 2825 1201 2873 et
1214 2823 1246 2889 18
1264 2820 1337 2890 632.

175 2902 268 2956 Etiam
287 2903 452 2972 Spengelius
471 2905 553 2971 (Abh.
574 2905 599 2958 d.
619 2905 716 2970 Bsyer.
736 2903 802 2970 An,
822 2905 890 2972 phil.
910 2905 962 2973 01,
980 2906 1062 2960 Band
1079 2907 1118 2975 X,
1140 2910 1222 2977 1866,
1245 2927 1272 2977 p.
1291 2912 1336 2976 43)

173 2990 280 3060 legatos
298 3007 349 3058 per
367 2995 402 3044 70
426 2991 484 3044 dies
503 2992 620 3045 Athenis
644 2990 765 3045 abfuisse
788 2991 867 3045 dixit.
904 2993 983 3060 Quod
1008 3011 1073 3048 vero
1100 2996 1134 3049 ab
1161 2997 1199 3049 eis
1217 2997 1246 3050 in
1264 2997 1336 3050 redi-

173 3079 251 3132 tione
268 3080 302 3131 23
321 3078 380 3132 dies
399 3082 577 3147 consumptos
596 3097 655 3133 esse
673 3079 792 3147 putavit,
810 3079 840 3132 id
858 3082 917 3135 veri
935 3082 1023 3136 simile
1041 3087 1165 3138 nonest.
1229 3085 1258 3154 4)
1276 3085 1337 3138 Tali

172 3165 372 3235 vituperationi
393 3184 451 3221 non
469 3167 542 3222 solus
560 3167 761 3226 Demosthenes
780 3168 915 3223 obnoxius
935 3175 990 3238 est,
1016 3170 1065 3225 sed
1091 3171 1173 3225 etiam
1198 3172 1245 3225 alii
1268 3174 1335 3226 scri-

171 3258 266 3322 ptores
290 3253 365 3307 haud
383 3271 447 3308 raro
467 3258 566 3309 eontra
591 3272 621 3309 ss
647 3255 723 3324 ipsos
748 3260 882 3324 pugnant.
928 3256 982 3326 01,
1001 3263 1033 3312 ut
1056 3275 1146 3326 pauca
1168 3276 1334 3327 enumerem,

172 3341 317 3409 Blossium,
337 3342 358 3410 Ι,
380 3344 438 3409 193,
457 3345 538 3395 Anm.
559 3345 582 3408 1,
600 3343 635 3409 II,
654 3345 714 3411 268,
733 3343 911 3411 Anm.2‚11‚
930 3345 997 3412 297,
1016 3346 1097 3398 Anrn.
1117 3347 1147 3413 5,
1176 3347 1334 3416 Sauppeum

171 3430 200 3482 in
218 3430 336 3494 Philol.‚
356 3429 434 3496 XIX,
454 3430 521 3499 258,
547 3432 717 3500 Seeligerum
734 3431 764 3484 in
782 3431 896 3499 Philol.‚
924 3431 1026 3498 XLIII,
1044 3435 1105 3486 422.
1148 3433 1190 3487 De
1208 3435 1333 3500 Platonis

172 3534 259 3586 symp.
282 3519 340 3586 193,
359 3517 383 3571 E
405 3521 516 3572 constat
533 3518 575 3582 id,
595 3519 669 3588 quod
688 3519 832 3587 Sauppeus
852 3520 1001 3588 aliquando
1022 3521 1105 3574 dixit:
1137 3521 1223 3588 „Hier
1241 3523 1333 3576 haben

172 3605 217 3660 die
235 3606 431 3676 Herabsgsber
449 3607 553 3676 richtig
571 3608 801 3677 hsrausgespiirt,
828 3607 890 3660 dass
908 3608 1010 3661 Platon
1037 3608 1118 3662 einen
1136 3608 1247 3663 kleinen
1266 3610 1332 3664 Ver-

171 3699 242 3748 stoss
261 3694 321 3747 sich
339 3693 390 3747 hat
407 3712 440 3747 zu
459 3694 599 3749 Schuldsn
626 3695 756 3749 kommen
774 3695 873 3749 lassen.
916 3696 997 3750 Denn
1020 3695 1092 3749 nach
1111 3713 1136 3764 p.
1157 3698 1258 3765 175,A
1282 3699 1332 3752 hat

171 3780 230 3834 sich
248 3778 439 3834 Aristodemos
457 3782 549 3836 neben
566 3781 765 3851 Ernymsohos
783 3787 900 3852 gesetzt.
936 3782 1000 3838 Und
1018 3783 1090 3836 nach
1107 3801 1135 3852 p.
1150 3787 1208 3848 185,
1221 3785 1246 3837 Ι)
1266 3786 1331 3840 sitzt

170 3867 370 3936 Eryximachos
388 3868 480 3922 neben
499 3869 707 3938 Aristophanes.
744 3871 809 3925 Also
832 3871 883 3924 hat
899 3870 1092 3924 Aristodemos
1117 3872 1191 3926 noch
1209 3890 1261 3926 vor
1279 3874 1331 3929 So-

169 3954 264 4008 krates
282 3955 339 4008 und
357 3956 488 4025 Agathou
506 3959 663 4026 gesesren“.
701 3958 831 4027 (Addidit
855 3959 998 4027 Sauppeus
1026 3957 1061 4011 de
1086 3975 1118 4012 ea
1136 3976 1167 4012 re
1186 3960 1329 4016 conferen-

169 4041 236 4097 dum
254 4059 313 4097 esse
331 4042 477 4111 Zellerum,
495 4043 609 4113 Gastm,
626 4062 653 4114 p.
673 4047 741 4116 104.)
777 4046 962 4100 Luculentum
981 4051 1023 4099 est
1041 4044 1084 4112 id,
1111 4047 1184 4114 quod
1204 4047 1272 4116 Cio,
1302 4049 1328 4104 d.

168 4149 195 4184 n.
215 4130 250 4201 d,
268 4131 303 4200 II,
322 4133 347 4200 9,
366 4131 400 4185 28
421 4130 500 4185 dixit.
